2242 2976
370 238 448 275 232
491 235 624 270 LIBER
639 234 886 268 SECUNDUS.
914 233 1251 269 INSCRIPTIONES
1266 234 1551 270 PHOENICIAE.
1580 237 1728 272 CAPUT
1742 238 1978 273 OCTAVUM.

368 341 501 375 perraro
530 331 647 361 factum
679 340 751 360 esse
781 329 963 361 existimem
988 328 1037 369 ¹¹¹),
1068 329 1208 361 Judseos
1231 329 1402 362 nonnullos
1424 331 1464 362 ad
1489 341 1581 363 sacra
1602 331 1799 375 Aegyptiace
1816 335 1995 374 transiisse,

369 400 446 420 num
468 396 544 418 vero
567 384 671 417 simile
693 385 837 424 videtur,
877 386 1036 417 eiusmodi
1063 384 1240 428 proselytos
1269 395 1302 418 et
1331 387 1516 430 transfugas
1537 387 1579 420 ab
1600 387 1788 431 Aegyptiis,
1819 392 1997 434 «peregrina

370 453 513 487 quaeque
537 448 685 484 tanquam
709 441 845 483 profana
867 449 898 473 et
921 443 1046 485 impura
1069 442 1353 475 reformidantibus
1375 443 1415 475 ad
1438 445 1594 476 interiora
1615 446 1768 486 mysteria
1787 445 1939 490 adeoque
1954 446 1996 478 ad

368 497 582 532 sacerdotiu'm
610 509 682 530 esse
710 498 889 530 admissos‘l
927 506 960 530 et
989 506 1099 530 contra
1126 499 1266 531 Judaeos
1297 510 1369 531 cum
1399 499 1558 543 religione
1581 503 1679 532 etiam
1702 504 1833 534 nonina
1855 509 1996 536 mutasse

369 554 541 599 (quicquid
576 556 661 586 euim
690 556 804 587 statuis
836 555 875 586 de
903 555 1001 597 patris
1028 557 1160 587 nomine
1185 565 1286 595 ὀι-ιη,
1323 555 1411 588 filiae
1434 568 1551 589 nomen
1575 565 1644 591 &nn
1668 559 1888 600 aegyptiacum
1909 561 1994 602 est),

367 612 510 655 linguam
540 621 617 642 vero
648 613 783 654 patriam
810 611 1004 643 retinuisset
1044 610 1234 655 Quanquam
1257 613 1290 644 id
1313 614 1358 644 ita
1377 612 1449 645 fieri
1472 617 1623 656 potuine
1644 624 1709 646 non
1732 624 1834 657 nego,
1869 613 1996 648 facilius

369 676 455 700 certe
489 668 631 705 videtur,
674 667 789 700 borum
823 674 1101 699 monumentorum
1135 677 1281 702 auctores
1311 676 1453 701 statuere
1484 670 1631 702 homines
1665 669 1803 713 gentiles
1836 672 1996 705 arumnic-

367 725 557 767 loquentes‚
586 735 629 756 ex
652 723 894 756 Seleucidurum
917 725 1053 767 imperio
1076 725 1248 764 oriundos,
1281 736 1366 758 nunc
1389 726 1527 769 Aegypti
1546 728 1651 766 cives,
1673 727 1756 769 apud
1771 738 1852 770 quos
1864 727 1998 767 deoru-t
2022 748 2025 755 ι

368 781 635 824 Aegyptiacorum
658 781 891 812 invocationem
915 787 947 812 et
970 781 1010 812 ad
1033 791 1124 813 sacra
1141 781 1338 824 Aegyptiaca
1360 783 1588 816 admissionem
1611 794 1705 816 nemo
1724 782 1912 823 intrabitur,
1942 783 1997 826 qni

367 838 567 875 meminerit,
598 836 697 878 Syros
720 838 751 868 in
775 838 846 879 ipsa
868 848 926 868 sua
946 838 1047 879 patria
1071 836 1226 877 Ernesae,
1251 837 1419 880 Palmyrae
1443 846 1475 871 et
1496 838 1665 882 Heliopoli
1687 837 1796 872 Solem
1820 851 1846 872 s.
1863 833 1996 872 Baalent

368 892 431 926 ritu
460 892 511 924 vel
541 893 727 935 aegyptiaco
759 891 808 924 vel
834 893 1004 925 admodum
1026 892 1126 925 simili
1151 893 1307 934 coluisse,
1345 902 1376 926 et
1396 896 1429 927 in
1454 896 1638 928 universum
1661 897 1806 934 intimam
1829 906 1900 928 esse
1922 893 1997 927 reli-

367 952 498 994 gionum
528 949 791 988 Phoeniciarum,
831 949 983 990 Syrarum
1014 957 1046 981 et
1075 949 1345 992 Aegyptiacarnm
1377 952 1646 984 necessitudinem
1677 952 1727 995 (p.
1752 952 1844 994 171).
1905 949 1995 990 Quae

368 1009 454 1039 enim
474 1007 514 1038 ad
536 1004 665 1048 linguae
695 1005 852 1037 hebraeae
882 1004 1063 1047 analogium
1087 1007 1242 1038 accedunt
1265 1006 1360 1038 huius
1384 1009 1483 1039 nostri
1508 1009 1706 1040 monumenti
1729 1009 1899 1047 idiomata,
1931 1019 1995 1040 non

368 1066 473 1095 minus
496 1062 578 1094 bene
601 1060 756 1104 explicari
778 1069 912 1104 possunt
934 1062 1080 1092 oratione
1104 1062 1277 1103 Syrorum,
1301 1065 1355 1106 qui
1377 1065 1410 1095 in
1429 1066 1532 1106 patria
1547 1075 1605 1096 sua
1625 1064 1838 1097 Phoenicibus
1854 1065 1994 1108 undique

369 1121 464 1153 cincti
487 1110 652 1156 vixerunt,
677 1128 772 1160 quam
795 1117 988 1149 Judaeorum
1012 1116 1142 1160 linguae
1167 1126 1296 1151 sanctae
1318 1119 1438 1151 formas
1461 1120 1615 1162 profanae
1638 1121 1895 1153 admiscentium.

498 1191 534 1223 In
558 1195 672 1224 aetate
697 1190 780 1222 tituli
802 1189 985 1222 definienda
1007 1190 1117 1222 itidem
1140 1191 1264 1223 Lancio
1278 1193 1436 1224 assentior
1457 1203 1488 1234 p.
1505 1196 1566 1225 124
1578 1203 1646 1235 sqq.
1669 1200 1781 1226 contra
1802 1193 1993 1236 Fabricyurn

368 1249 560 1291 disputanti,
593 1248 646 1289 qui
669 1248 844 1288 scripturae
866 1257 968 1288 genus
992 1245 1201 1288 Palmyrenae
1221 1249 1365 1291 adeoque
1385 1249 1557 1292 quadratae
1573 1250 1748 1292 scripturae
1764 1249 1870 1282 simile
1886 1260 1996 1285 recen·

367 1307 484 1338 tiorem
516 1303 675 1346 quandam
706 1310 842 1334 aetatem
873 1313 1008 1345 arguere
1032 1310 1150 1336 censet.
1195 1303 1303 1337 Unum
1326 1305 1427 1344 addo„
1463 1312 1591 1348 propter
1612 1306 1717 1348 ipsum
1740 1304 1802 1338 hoc
1821 1307 1995 1349 scripturae

367 1371 471 1405 genus
499 1366 739 1392 monumentum
776 1366 919 1391 nostrum
942 1360 1070 1403 papyris
1093 1358 1309 1393 Blacassianis
1332 1369 1364 1393 et
1385 1360 1581 1394 Taurinensi
1610 1363 1770 1405 antiquius
1799 1351 1994 1396 censendum

368 1429 439 1450 esse
471 1424 503 1448 et
523 1415 781 1448 Ptolemaeorum
804 1416 871 1448 sere
894 1417 989 1448 aetati
1011 1416 1052 1448 ad
1072 1415 1170 1449 finem
1196 1419 1340 1460 vergenti
1364 1418 1592 1461 assignandum
1617 1418 1729 1451 videri.

1110 1518 1254 1551 Lxxn.

494 1594 610 1636 Lapidi
627 1580 926 1636 Carpentoractensi
940 1593 1137 1626 simillimum
1154 1602 1204 1626 est
1220 1594 1280 1626 hoc
1297 1602 1537 1627 monumentum
1557 1596 1729 1634 ineditum,
1753 1596 1837 1639 quod
1852 1596 1993 1628 Londini

368 1653 401 1683 in
425 1652 545 1683 eximia
568 1661 673 1682 reruni
696 1651 897 1693 antiquarum
918 1649 1128 1690 collectione,
1156 1662 1237 1693 quae
1267 1661 1364 1693 penes
1388 1650 1585 1683 Roceasrum
1604 1651 1847 1684 celeberrimum
1867 1657 1993 1695 poetam

368 1715 433 1747 est,
466 1705 568 1739 oculis
591 1707 752 1749 usurpavi.
796 1706 927 1738 Emerat
949 1706 1027 1738 illud
1051 1718 1218 1750 possessor
1238 1708 1271 1738 in
1297 1706 1426 1749 publica
1454 1709 1676 1751 antiquitatum
1707 1707 1921 1740 Saltianarum
1950 1718 1993 1740 ex

367 1764 515 1806 Aegypto
532 1764 734 1795 advectarum
749 1763 944 1794 venditione.
986 1759 1130 1796 'Exhibet
1145 1765 1177 1795 in
1195 1765 1359 1806 superiore
1373 1770 1539 1806 segmento
1555 1775 1574 1796 a
1589 1764 1704 1796 dextra
1725 1763 1888 1796 Osiridem
1909 1762 1993 1796 solio

368 1821 560 1851 insidentem
583 1830 652 1850 cum
668 1818 798 1861 flagello
815 1825 846 1850 et
860 1818 957 1858 lituo;
981 1827 1053 1852 ante
1069 1831 1141 1852 eum
1156 1827 1205 1851 est
1222 1830 1333 1851 mensa
1347 1821 1446 1851 variis
1461 1820 1542 1852 cibis
1559 1827 1691 1857 onusta;
1722 1831 1742 1852 a
1757 1823 1890 1852 sinistra
1905 1827 1992 1863 parte
2024 1821 2026 1825 ’

369 1877 476 1917 imago
499 1876 560 1905 viri
582 1876 678 1913 nudi,
714 1874 913 1917 subligaculo
937 1877 1054 1916 cincti,
1089 1878 1180 1908 cuius
1204 1883 1297 1918 caput
1318 1877 1442 1908 casside
1465 1883 1592 1908 tectum.
1645 1876 1696 1909 Ab
1719 1878 1879 1909 antei-iore
1901 1880 1992 1920 parte

369 1931 506 1971 cassidis„
526 1938 574 1962 est
596 1942 727 1972 serpens
751 1933 858 1973 regiae
877 1932 1041 1973 dignitatis
1062 1934 1170 1964 index.
1215 1932 1338 1964 Deitra
1361 1943 1456 1964 manu
1478 1932 1627 1975 patellam
1659 1933 1768 1965 offert:
1805 1944 1901 1976 super
1931 1943 1993 1976 qna

370 1998 388 2019 e
411 1989 542 2030 regione
566 1987 700 2019 cassidis
724 1987 839 2029 legitur
862 1989 1028 2030 inscriptio
1052 1989 1115 2020 tab.
1131 1992 1172 2020 29
1192 1999 1211 2019 a
1227 1988 1321 2020 nobis
1343 1988 1499 2028 exhibita,
1525 1996 1556 2020 et
1579 1988 1667 2021 nullo
1691 1990 1821 2032 negotio
1838 1988 1990 2031 legenda:

1113 2065 1242 2100 mmm

496 2137 532 2168 In
561 2138 713 2169 inferiore
745 2144 911 2181 segmento
932 2146 1191 2180 repraesentatur
1213 2139 1348 2171 cadaver
1370 2140 1479 2171 fasciis
1501 2139 1680 2172 involutum
1703 2141 1737 2172 in
1759 2150 1870 2172 mensa
1886 2140 1990 2173 leonis

369 2195 505 2227 formam
533 2193 686 2225 habente:
723 2195 808 2226 infra
836 2194 919 2226 hanc
949 2202 1097 2237 quattuor
1129 2197 1217 2227 urcei
1248 2195 1406 2238 operculis
1441 2197 1536 2235 tecti,
1569 2207 1703 2238 quornm
1733 2198 1793 2229 tria
1815 2196 1991 2233 bestiarum

371 2251 491 2294 capita,
524 2261 623 2282 unuin
646 2249 786 2282 hominis
809 2259 902 2293 caput
923 2251 1086 2297 referunt.-

421 2394 446 2430 ¹)
468 2395 582 2422 Unicum
600 2394 658 2421 eius
675 2394 716 2420 rei
739 2394 923 2420 testimonium
948 2400 988 2420 est
1013 2395 1041 2421 in
1065 2396 1146 2422 tertio
1214 2404 1280 2432 rege
1300 2397 1466 2424 concedente
1485 2406 1499 2424 a
1511 2384 1684 2432 popularibus
1696 2396 1872 2432 inreligiosis
1888 2399 1989 2432 patriae

371 2444 595 2477 Maccahaeorum
611 2442 681 2469 libro
702 2442 834 2476 (11,3o),
860 2443 906 2468 ubi
921 2448 1058 2476 narratur,
1077 2445 1147 2470 mnl-
1215 2443 1270 2470 fide
1300 2438 1517 2478 permanentibus
1539 2445 1645 2479 punitos
1671 2448 1697 2470 et
1722 2445 1836 2472 subinde
1857 2446 1989 2480 supplicio

371 2498 414 2520 tos
445 2492 563 2519 Judseos
595 2491 746 2525 Aegyptios
774 2491 884 2517 iubente
917 2492 1071 2517 Ptolemaeo
1097 2493 1145 2518 lv.
1215 2492 1325 2518 affectos
1344 2501 1413 2520 esse.
1448 2493 1486 2520 At
1503 2501 1581 2528 quam
1596 2493 1714 2519 sublesta
1732 2493 1767 2520 nit
1780 2494 1858 2520 liuius
1874 2495 1935 2522 libri
1953 2503 1988 2522 ne

370 2542 542 2575 Philopatore
560 2541 594 2566 ad
607 2548 683 2566 sacra
697 2539 860 2573 Dionysiaca
877 2539 1046 2572 (Dionysius
1059 2544 1147 2565 antem
1215 2540 1334 2574 Joseplto
1347 2543 1454 2575 quidem
1467 2541 1566 2578 cogniti
1580 2542 1662 2575 fide»,
1680 2542 1751 2569 inter
1765 2551 1859 2570 omnes
1874 2548 1986 2570 constat-

370 2590 458 2616 Osiris
474 2587 545 2621 erat)
563 2588 663 2616 initiari
677 2596 707 2614 se
716 2596 809 2622 passos
823 2596 892 2621 esse,
908 2588 958 2614 sed
973 2595 1039 2614 mox
1051 2588 1147 2614 eodem
