2242 2976
464 266 839 315 PALAEOGRAPFIIA'
863 280 1154 314 COMPARATA.
1197 281 1241 314 A.
1273 278 1521 313 SCRIPTURA
1544 278 1732 313 GRAECA.
1863 283 1911 320 69

403 374 446 409 F.
489 377 615 409 Littera
643 387 719 408 vere
727 386 876 431 graeca,
910 382 1013 407 mater
1040 373 1076 407 F
1104 374 1227 406 litterae
1257 374 1463 415 Etruscorum
1493 382 1524 406 et
1553 374 1764 413 Latinorum,
1796 383 1907 416 postea

277 432 411 465 suffecto
436 434 467 464 Φ
488 434 668 476 antiquata,
700 433 859 475 reperitur
888 433 985 464 inser.
1017 434 1075 470 11,
1103 432 1136 462 in
1166 431 1316 462 omnibus
1345 432 1451 463 numis
1480 430 1679 463 Faliscorum
1703 431 1850 463 Etruriae
1874 438 1906 463 et

276 491 310 521 in
333 488 479 531 pluribus
501 488 573 521 aliis
589 489 804 527 Achaeorum,
829 487 1048 520 Boeotiorum.
1091 487 1142 519 De
1160 488 1304 529 episemo
1321 487 1394 519 Vau
1418 490 1550 530 eiusque
1570 487 1695 530 figuris,
1720 489 1803 519 inter
1827 499 1906 531 quas

277 555 447 596 praecipue
470 554 550 586 haec
578 548 619 595 Ε
637 554 775 586 notanda
791 561 850 593 est,
869 553 941 584 vide
956 563 1038 595 quae
1053 554 1145 585 docte
1162 553 1323 596 disputant
1338 551 1514 584 Eckhelius
1527 552 1569 584 D.
1588 551 1629 583 N.
1643 551 1693 584 lv
1715 564 1744 595 p.
1762 555 1823 585 383
1838 563 1905 595 sqq.

279 610 407 642 Boecklu
429 610 768 653 Staatshemehaltung
790 610 818 641 d.
841 608 993 641 Athener
1013 608 1061 648 ΙΙ,
1085 621 1118 651 p.
1140 612 1213 641 383.

406 669 445 699 Z.
489 667 559 710 Fig.
579 670 595 698 1
619 668 689 709 ipsa
704 673 754 698 est
769 666 991 708 antiquissima
1006 664 1201 697 Phoenicum
1215 666 1331 704 forma,
1355 665 1411 697 sed
1427 666 1567 703 inversa,
1592 671 1626 696 ut
1643 663 1679 696 fit
1695 667 1728 697 in
1744 667 1903 708 scriptura

277 724 481 755 dextrorsum
504 729 661 755 currente.
705 721 875 764 Reperitur
896 722 930 752 in
953 723 1137 763 autonomis¹
1157 721 1333 763 Zacynthi,
1365 721 1535 759 Sardium,
1566 720 1683 753 Temni
1706 722 1747 754 al.
1792 723 1861 765 Fig.
1886 726 1905 754 2

278 781 312 811 in
334 779 576 812 tetradrachmis
596 779 772 820 Smyrnae,
803 779 837 809 in
861 779 965 810 numis
981 778 1160 809 Locrorum
1182 777 1312 816 Italiae,
1344 776 1472 818 Cyzici,
1503 776 1651 819 Byzantii
1675 778 1714 809 al.
1761 778 1903 821 Utraque

277 836 382 868 forma
410 842 522 878 postea
552 836 649 867 etiam
677 845 735 877 pro
764 833 797 870 Ξ
818 840 969 876 usurpata
991 840 1049 866 est.
1095 834 1160 866 Sed
1185 844 1373 876 quamquam
1399 834 1460 865 hoc
1484 835 1720 871 certissimum,
1754 836 1901 876 equidem

279 899 384 924 tamen
408 894 462 924 vix
484 893 637 931 dixerim,
661 890 694 927 Ξ
714 898 817 923 ortum
842 902 913 923 esse
935 901 978 922 ex
999 890 1169 933 phoenicio
1185 889 1269 922 Sain
1290 889 1474 932 (Boeekhl.
1491 902 1517 922 c.
1532 890 1574 929 ΙΙ,
1597 893 1670 922 386.
1715 890 1903 922 Buttmanni

277 947 560 990 gr.amp1.11,12
583 960 612 990 p.
630 948 722 990 3⁷6),
745 958 841 990 quum
864 958 903 979 eo
927 954 1088 989 tempore,
1113 957 1175 989 quo
1197 946 1245 983 ,.,ι
1260 948 1446 986 inventum,
1469 947 1670 990 phoeniciam
1693 946 1902 979 litteraturam

276 1005 310 1035 in
331 1005 500 1047 pingendis
521 1004 637 1036 litteris
659 1006 714 1036 vix
737 1002 906 1035 consulere
928 1002 1069 1034 solerent
1092 1002 1217 1034 Graeci.

403 1062 449 1092 H.
493 1060 563 1103 Fig.
584 1064 600 1091 1
625 1062 721 1092 inser.
739 1063 767 1091 2.
786 1062 835 1091 13.
855 1062 905 1091 16.
924 1062 974 1091 18.
991 1061 1040 1090 19.
1057 1061 1109 1098 39,
1131 1057 1189 1101 fig.
1205 1062 1224 1090 2
1245 1059 1342 1090 inscr-
1366 1061 1382 1090 1
1408 1058 1465 1090 lin.
1490 1063 1519 1091 1.
1541 1062 1577 1098 3,
1602 1058 1658 1090 ubi
1680 1061 1903 1092 emendatione

277 1128 340 1148 non
363 1128 443 1159 opus
464 1124 532 1155 est,
555 1126 651 1159 quum
671 1117 783 1148 eadem
806 1115 911 1158 figura
933 1117 966 1146 in
992 1114 1174 1146 Phoeniciis
1195 1116 1381 1157 reperiatur.
1425 1114 1510 1147 Vide
1532 1117 1560 1154 ξ.
1581 1119 1633 1147 44.

406 1173 445 1205 Θ.
488 1173 627 1215 Figurae
639 1173 764 1215 priores
779 1171 1022 1215 posterioribus
1027 1172 1235 1212 antiquiores.
1280 1170 1346 1209 Qui
1360 1171 1443 1204 hanc
1460 1171 1598 1204 litteram
1623 1170 1677 1224 Θ
1708 1172 1901 1210 scribebant,

278 1228 430 1260 Omicron
453 1229 600 1261 solebant
622 1230 657 1265 Θ
685 1230 832 1271 pingere,
862 1229 915 1271 qui
944 1227 1051 1259 Theta
1081 1238 1146 1259 uno
1168 1233 1292 1270 puncto
1310 1230 1486 1268 munitum,
1517 1228 1673 1263 Omicron
1696 1231 1767 1262 sine
1791 1236 1906 1272 puncto

278 1284 472 1324 exarabant,
496 1296 525 1316 v.
548 1284 680 1316 Boeckh
704 1284 745 1316 T.
767 1283 790 1316 Ι.
815 1296 843 1326 p.
868 1287 919 1316 31.

403 1341 429 1372 Ι.
475 1341 601 1372 Priores
616 1341 738 1372 formae
753 1342 909 1383 originem
929 1340 1130 1382 phoeniciam
1153 1339 1330 1371 luculenter
1351 1351 1426 1382 prae
1448 1351 1483 1372 se
1505 1340 1624 1373 ferunt.
1668 1342 1739 1384 Fig.
1758 1345 1773 1372 1
1799 1348 1848 1372 est
1869 1341 1902 1371 in

276 1398 370 1430 inser.
385 1400 414 1429 7.
428 1400 481 1436 20,
503 1396 559 1440 fig.
577 1400 596 1428 2
619 1398 651 1428 in
669 1397 765 1429 inscr.
781 1399 832 1428 30.
850 1397 924 1447 etin
940 1397 1044 1428 numis
1059 1396 1234 1432 Lucaniae,
1257 1395 1313 1439 fig.
1330 1399 1359 1429 3.
1379 1398 1412 1427 in
1427 1398 1524 1429 inscr.
1539 1402 1572 1436 4,
1594 1397 1649 1440 fig.
1666 1402 1698 1436 4,
1722 1408 1753 1429 v.
1767 1395 1900 1428 Boeckh

276 1453 339 1485 ad·
329 1464 423 1485 inscr-
440 1456 470 1492 3,
486 1452 542 1496 fig.
557 1453 600 1484 5
591 1464 624 1484 1n
640 1463 736 1486 numo
753 1453 974 1495 antiquissimo
992 1452 1153 1494 Gortynae
1169 1451 1294 1490 Cretae,
1320 1452 1359 1484 cf.
1375 1451 1496 1495 figuras
1509 1452 1697 1496 phoenicias
1714 1464 1765 1486 no.
1786 1455 1834 1485 17.
1851 1455 1899 1483 19.

402 1519 444 1550 Κ.
488 1517 558 1559 Fig.
582 1520 611 1548 1.
634 1520 654 1548 2
678 1527 707 1548 v.
732 1518 829 1549 inser.
853 1520 904 1549 39.

401 1575 449 1606 A.
493 1572 563 1616 Fig.
587 1576 603 1605 1
627 1574 725 1605 inser.
747 1576 788 1612 8,
818 1573 873 1616 fig.
897 1577 917 1605 2
940 1573 1018 1605 ibid.
1042 1575 1092 1604 39.
1120 1571 1176 1615 fig.
1201 1575 1220 1604 3
1242 1555 1339 1606 inser.
1364 1575 1392 1605 3.
1413 1577 1445 1604 4.
1468 1575 1498 1605 7.
1524 1575 1574 1604 10.
1599 1576 1658 1611 20;
1681 1573 1737 1617 fig.
1760 1577 1781 1606 4
1804 1575 1898 1605 inscr

275 1635 304 1663 2.
327 1634 357 1663 6.
381 1633 430 1662 14
455 1632 506 1662 17.
533 1631 661 1666 18.19;
684 1628 738 1671 fig.
763 1632 781 1662 5
804 1631 901 1662 inser.
926 1633 964 1666 8;
984 1628 1040 1673 fig.
1065 1631 1086 1661 6
1108 1629 1184 1672 (qua
1208 1628 1296 1660 nulla
1318 1628 1508 1671 phoeniciae
1531 1629 1655 1672 figurae
1677 1629 1815 1663 similior
1836 1630 1899 1673 est)

274 1689 371 1721 inser.
395 1684 446 1719 34'.
471 1688 522 1718 39.

402 1753 454 1788 M.
497 1750 567 1793 Fig.
591 1754 604 1782 1
629 1751 726 1782 inser.
751 1753 779 1783 1.
801 1754 831 1783 8.
855 1753 914 1789 27;
936 1750 992 1793 fig.
1017 1753 1036 1782 2
1058 1751 1154 1782 inscr.
1179 1753 1208 1782 2.
1228 1753 1259 1788 8.
1284 1754 1333 1782 12.
1359 1753 1410 1782 20.
1435 1728 1491 1788 383
1514 1749 1569 1794 fig.
1591 1754 1611 1784 3
1634 1753 1730 1783 inscr.
1753 1754 1783 1789 3,
1803 1751 1859 1794 fig.
1879 1756 1900 1783 4

273 1808 352 1841 ibid.
374 1807 431 1840 lin.
454 1811 485 1842 2.
507 1806 562 1848 fig.
585 1809 602 1838 5
627 1808 660 1838 in
684 1817 781 1839 numo
799 1807 935 1846 Manui,
960 1807 1102 1838 Edessae
1124 1807 1230 1849 regis,
1253 1806 1393 1844 Pellerin
1416 1806 1513 1846 Rois,
1536 1807 1600 1841 tab.
1626 1810 1675 1839 16.

401 1874 443 1903 Ν.
487 1871 558 1914 Fig.
583 1874 599 1902 1
631 1873 802 1904 inscr.'39.
851 1871 922 1914 Fig.
951 1875 970 1903 2
997 1872 1095 1903 inrcr.
1118 1875 1149 1904 2.
1174 1875 1213 1903 12
1243 1876 1274 1903 et
1301 1873 1335 1902 in
1358 1873 1464 1904 numis
1486 1874 1717 1916 antiquissimis
1742 1873 1901 1911 Crotonis,

277 1929 463 1972 Agrigenti,
485 1926 640 1969 Neapolis
663 1926 867 1969 Campaniae.

401 1993 518 2036 Sigma
548 1993 735 2035 (Samech).
778 1992 846 2024 Sub
878 1992 949 2024 hac*
965 1991 1072 2024 littera
1093 1993 1186 2034 posui
1211 2003 1322 2024 omnes
1350 1991 1466 2035 Signia
1494 1992 1620 2025 litterae
1648 1993 1789 2037 figuras,
1822 2006 1901 2038 quas

273 2062 315 2083 ex
330 2049 466 2082 Samech
490 2051 567 2094 (non
584 2050 696 2092 Schin)
723 2049 919 2081 Phoenicum
942 2055 1028 2080 ortas
1047 2059 1119 2081 esse
1141 2050 1302 2088 existimo,
1326 2059 1356 2080 v·
1375 2048 1404 2088 §-
1419 2053 1471 2088 45,
1489 2053 1512 2081 '3
1534 2045 1600 2093 (fig.
1618 2054 1633 2082 1
1651 2053 1747 2084 inser.
1766 2055 1794 2083 1.
1811 2055 1841 2084 2.
1859 2055 1900 2083 39

273 2113 306 2138 et
330 2109 362 2138 in
386 2108 490 2139 numis
513 2108 726 2149 perantiquis;
756 2105 812 2148 fig.
834 2109 854 2137 2
879 2106 973 2137 inscr-
993 2108 1021 2137 8.
1045 2109 1094 2137 11.
1118 2108 1171 2138 22.
1195 2108 1251 2145 343
1281 2105 1336 2148 fig.
1361 2109 1380 2137 3
1412 2108 1446 2138 in
1476 2108 1706 2149 antiquissimis
1729 2107 1899 2140 Messanae

273 2162 403 2195 Siculae
425 2155 530 2195 nilmis
542 2163 588 2204 *);
610 2162 666 2206 fig.
687 2167 709 2194 4
730 2164 827 2196 inser.
851 2165 901 2193 12.
917 2164 977 2196 .13.
999 2165 1051 2193 22.
1072 2164 1123 2193 23.
1142 2165 1194 2196 25.
1217 2165 1268 2193 34.
1290 2164 1339 2193 38.
1359 2166 1409 2202 41,
1433 2170 1464 2194 et
1488 2165 1520 2194 in
1545 2165 1774 2206 antiquissimis
1799 2164 1899 2196 titulis

273 2219 427 2252 Boeotiae
444 2221 540 2251 inscr.
557 2222 648 2251 1599.
669 2222 761 2252 1639.
781 2221 873 2250 1640.
891 2220 983 2249 1644.
1000 2221 1082 2250 1649
1104 2218 1145 2252 cf.
1162 2217 1321 2249 Villoison
1339 2212 1451 2250 anecd.
1476 2218 1518 2258 II,
1540 2231 1570 2261 p.
1590 2222 1651 2252 167
1659 2231 1667 2257 ;
1688 2219 1743 2263 fig.
1763 2223 1780 2253 5
1805 2222 1899 2252 inscr.

275 2279 314 2307 10
343 2282 375 2307 et
403 2276 436 2307 in
467 2276 696 2317 antiquissimis
726 2274 896 2307 Messanae
926 2273 1097 2317 Siculae),
1135 2285 1312 2317 quanquam
1343 2286 1407 2306 non
1437 2278 1602 2318 repugno,
1637 2278 1666 2308 si
1691 2278 1760 2319 quis
1790 2278 1822 2307 in
1847 2276 1898 2307 his

270 2331 383 2375 figuris
406 2332 639 2374 distinguendis
662 2331 796 2363 ulterius
816 2341 1023 2373 processurus
1046 2331 1179 2372 primam
1199 2330 1334 2373 figuram
1358 2342 1377 2362 a
1401 2338 1549 2374 quattuor
1574 2332 1705 2375 reliquis
1727 2343 1898 2375 segregare

271 2387 366 2427 velit,
394 2389 438 2420 ita
467 2395 501 2419 ut
529 2387 629 2420 solam
655 2389 788 2430 primam
820 2398 839 2418 a
868 2386 1004 2418 Samech
1035 2382 1172 2428 repetat]
1203 2387 1342 2430 reliquas
1372 2389 1411 2420 ad
1439 2388 1516 2420 Sain
1540 2388 1675 2428 referat,
1708 2400 1779 2420 cum
1806 2390 1896 2420 cuius

270 2445 375 2488 figura
398 2445 572 2477 Phoenicia
593 2455 769 2487 permagna
795 2454 904 2475 earum
929 2451 977 2475 est
997 2443 1179 2475 similitudo.
1225 2443 1329 2487 Atque
1352 2444 1432 2477 haec
1453 2446 1564 2487 Lepsii
1586 2433 1717 2477 videtur
1739 2445 1896 2477 sententia

322 2595 347 2629 Ἴ
364 2598 440 2624 Haec
456 2598 556 2637 figura.
580 2606 637 2624 non
654 2597 691 2631 C,
717 2606 777 2624 esse
794 2597 918 2630 videtur,
943 2604 1012 2631 quae
1030 2605 1046 2623 ι
1116 2602 1300 2631 comparatur,
1324 2606 1351 2624 v.
1375 2597 1473 2624 Athen.
1497 2599 1542 2630 10,
1561 2607 1587 2631 p.
1605 2596 1658 2623 454
1674 2597 1715 2625 D.
1743 2595 1778 2620 cf.
1798 2596 1896 2621 Mimer

272 2645 409 2672 veteribus
433 2646 507 2673 arcui
535 2646 657 2681 scythico
682 2650 709 2674 et
734 2646 860 2673 cinciano
886 2643 1047 2679 (πλοκᾶμῳ)
1117 2647 1215 2671 Etr-usk.
1235 2647 1295 2672 307.
