2242 2976
621 282 682 315 DE
707 282 954 317 SCRIPTURA
981 282 1197 316 ARAMAEA
1219 283 1511 317 AEGYPTIACA.
1838 287 1883 323 61

257 376 473 410 Blacassianis
495 377 660 410 desumtae
682 385 774 417 sunt,
805 378 862 410 sed
881 379 928 409 ita
949 384 986 409 ut
1005 388 1025 409 a
1046 378 1161 409 Lancii
1177 375 1348 419 alphabeto
1365 379 1398 409 in
1416 377 1579 410 nonnullis
1596 377 1710 411 litteris
1734 378 1883 421 (Daleth,

256 432 353 472 Sain,
383 433 470 472 Phe,
493 433 618 476 Resch)
641 434 834 467 definiendis
857 434 1083 467 discedendum
1109 440 1292 476 putaremus
1315 434 1354 475 *).

383 489 435 522 De
458 491 573 523 horum
596 498 703 523 autem
726 490 971 534 alphabetorum
994 492 1122 534 egregie
1142 501 1177 522 se
1199 491 1338 522 invicem
1361 489 1589 522 illustrantium
1611 498 1721 524 mutua
1743 493 1826 524 inter
1848 504 1884 525 se

255 547 379 579 ratione
416 554 449 579 et
485 558 557 579 cum
593 546 665 579 aliis
696 549 872 590 scripturae
899 546 1073 591 generibus
1101 547 1339 579 necessitudine
1373 546 1453 579 haec
1480 548 1621 579 maxime
1650 548 1743 581 nobis
1776 548 1884 581 obser-

256 604 361 636 vanda
383 604 547 635 videntur:

386 663 417 692 1.
462 658 778 702 Carpentoracteusis
801 661 1001 691 monumenti
1022 658 1170 699 litterae,
1202 666 1310 702 utpote
1331 659 1371 690 ad
1387 658 1627 701 phoeniciarum
1643 661 1883 694 similitudinem

256 727 357 759 prope
379 717 586 755 accedentes,
615 715 730 748 harum
753 716 896 748 omnium
919 717 1181 758 antiquissimae,
1213 714 1443 747 Blacassianae
1464 722 1596 756 contra,
1634 718 1673 749 ad
1697 720 1885 760 scripturam

256 774 443 816 quadratam
465 783 658 815 magnopere
680 771 891 811 inclinantes,
934 767 1183 804 recentissimae*
1198 783 1288 811 esse,
1335 771 1547 803 Taurinensis
1570 772 1741 815 fragmenti
1762 774 1886 817 figurae

257 829 399 861 medium
429 829 498 861 fere
527 830 613 861 inter
639 828 712 860 illas
742 828 850 860 locum
881 828 1027 860 obtinere
1055 829 1212 865 videntur.
1263 829 1413 867 Etenim,
1453 839 1534 871 quae
1564 828 1690 861 litterae
1719 831 1752 861 in
1784 833 1886 872 prima

257 884 406 917 columna
432 885 589 928 capitibus
619 886 753 928 integris
784 892 970 928 comparent
997 895 1134 927 superne
1165 886 1302 927 apertis,
1332 885 1438 924 Beth,
1466 884 1609 924 Daletla,
1636 885 1745 928 Caph,
1769 887 1886 927 Rexch,

256 943 291 973 in
313 943 408 973 tertia
430 943 535 984 capita
557 941 610 973 vel
631 943 806 973 maximam
828 948 950 984 partem
975 941 1027 973 vel
1049 952 1180 984 prorsus
1202 941 1405 973 abiecerunt:
1439 942 1472 973 in
1496 943 1636 974 secunda
1658 954 1758 976 unum
1782 943 1885 976 Resch

257 998 362 1040 capite
384 999 547 1041 comparet
569 1008 672 1041 paene
692 997 830 1029 abiecto.

385 1057 415 1086 2.
458 1055 585 1087 Primae
613 1053 781 1085 columnae
810 1052 935 1096 figurae
966 1053 1112 1094 (praeter
1139 1052 1193 1084 He
1220 1060 1252 1085 et
1278 1053 1362 1095 Jod)
1394 1064 1505 1086 omnes
1528 1054 1562 1085 in
1585 1054 1767 1086 Phoeniciis
1790 1057 1884 1086 etiam

257 1104 472 1143 monumentis
501 1116 704 1153 comparent,
743 1111 789 1141 ita
821 1116 854 1140 ut
884 1108 968 1141 hanc
991 1109 1117 1152 quidem
1143 1111 1334 1152 scripturam
1357 1121 1399 1142 ex
1421 1112 1492 1152 ipsa
1513 1110 1689 1142 Phoenicia
1712 1111 1753 1152 Μ’)
1782 1119 1885 1143 ortam

258 1178 330 1202 esse
361 1178 426 1199 non
464 1166 600 1199 dubites.
656 1166 851 1198 Litterarum
885 1166 976 1205 Ain,
1008 1165 1112 1205 Beth,
1142 1165 1284 1205 Daleth,
1312 1167 1421 1199 Resch
1456 1168 1561 1209 capita
1597 1178 1735 1209 superne
1766 1174 1887 1209 aperta,

257 1235 339 1267 quaa
378 1223 454 1255 huic
490 1217 668 1265 scripturae
706 1222 802 1265 plane
838 1221 1015 1265 peculiaria
1049 1229 1081 1254 et
1114 1223 1204 1264 priva
1233 1233 1304 1254 esse
1334 1222 1463 1255 volebat
1493 1223 1640 1266 Koppius
1672 1224 1745 1265 m),
1791 1224 1886 1254 etiam

258 1282 292 1312 in
316 1279 449 1312 Ciliciae
471 1281 577 1311 numis
605 1280 748 1322 adeoque
770 1281 802 1310 in
826 1280 1034 1320 inscriptione
1056 1277 1239 1311 Oxoniensi
1261 1286 1467 1322 comparent,
1509 1287 1540 1311 et
1570 1281 1735 1321 speciatim
1758 1279 1885 1323 quidem

258 1337 330 1369 Ain
352 1346 489 1379 superne
512 1342 655 1378 apertum
689 1335 896 1377 perfrequens
926 1342 974 1366 est
1002 1335 1049 1376 (ᾗ.
1081 1338 1141 1374 26,
1169 1335 1228 1378 fig.
1260 1337 1310 1377 7).
1354 1336 1465 1380 Aleph
1496 1336 1620 1367 litterae
1650 1337 1752 1378 prima
1781 1335 1887 1378 figura

258 1394 299 1425 ad
322 1392 515 1424 numidicum
646 1402 744 1433 prope
774 1392 916 1431 accedit,
961 1389 1104 1434 reliquae
1135 1392 1175 1423 ad
1210 1402 1279 1423 eam
1311 1391 1466 1434 figuram,
1512 1403 1592 1434 quae
1621 1393 1654 1423 in
1676 1393 1885 1434 inscriptione

259 1451 441 1484 Oxoniensi
471 1457 531 1482 est.
580 1450 667 1490 Vav,
696 1449 798 1490 Sain,
833 1450 943 1493 Caph,
970 1450 1115 1489 Lamed,
1151 1450 1260 1490 Mem,
1291 1450 1388 1490 Nun,
1418 1451 1508 1490 Phe,
1531 1451 1641 1490 Zade,
1671 1451 1740 1483 Tau
1763 1451 1884 1482 formas

259 1507 380 1540 habent
400 1509 436 1539 in
458 1508 615 1549 scriptura
635 1506 810 1538 Phoenicia
833 1505 995 1549 vulgares:
1029 1506 1132 1549 Koph
1162 1507 1275 1538 eodem
1308 1508 1404 1539 modo
1426 1509 1543 1549 pictum
1565 1507 1665 1538 habes
1686 1509 1719 1538 in
1742 1506 1844 1539 Melit.
1866 1510 1884 1538 2

258 1564 316 1597 lin.
346 1568 385 1603 2,
415 1562 518 1596 Schin
544 1563 688 1595 eiusdem
716 1561 841 1605 figurae
870 1564 904 1594 in
932 1563 1082 1604 Erycina.
1127 1561 1237 1594 Unum
1263 1563 1316 1594 He
1346 1570 1378 1595 et
1407 1562 1470 1594 Jod
1498 1562 1640 1605 paullum
1669 1564 1883 1601 immutatum,

257 1620 339 1653 illud
356 1631 397 1652 ex
414 1623 474 1674 11
504 1619 560 1662 fig.
585 1626 684 1651 nostr.
706 1622 742 1651 9:
773 1618 841 1651 Jod
864 1619 950 1661 (iam
971 1622 1104 1651 minima
1127 1620 1266 1662 littera)
1290 1630 1332 1651 ex
1354 1618 1410 1662 fig.
1434 1626 1532 1651 nostr.
1555 1621 1606 1651 10.

386 1693 416 1723 3.
462 1689 498 1722 In
520 1690 633 1721 tertiae
656 1688 822 1721 columnae
845 1690 868 1721 i.
891 1700 919 1721 e.
942 1688 1225 1721 Blacassianorum
1247 1700 1439 1732 papyrorum
1460 1689 1574 1732 figuris
1591 1691 1693 1732 prima
1707 1689 1883 1722 litterarum

258 1747 406 1781 finalium
434 1746 549 1789 (Caph
576 1753 608 1777 et
637 1745 736 1787 Nun)
767 1747 906 1788 vestigia
933 1745 1027 1777 nobis
1057 1752 1245 1785 occurrunt,
1283 1757 1363 1789 quae
1395 1757 1479 1777 nunc
1502 1747 1628 1778 demum
1652 1748 1684 1777 in
1709 1748 1884 1789 scripturae

229 1826 231 1828 v
259 1815 378 1849 genere
406 1796 518 1846 spati‘is
549 1802 699 1834 distincto
730 1801 833 1842 (haec
865 1803 951 1833 enim
983 1802 1178 1834 consuetudo
1213 1804 1335 1834 cunctis
1366 1802 1416 1834 his
1448 1804 1664 1835 monumentis
1686 1803 1886 1844 communis)

260 1862 339 1894 oriri
360 1865 507 1903 poterant
528 1860 575 1900 (ξ.
598 1860 650 1896 33,
671 1861 702 1889 4.
735 1860 788 1897 53,
812 1859 864 1899 2).

388 1915 538 1948 Ceterum
576 1914 663 1946 haud
697 1912 797 1945 ullum
833 1919 939 1946 exstat
974 1922 1233 1954 monumentum,
1279 1915 1362 1958 quod
1395 1916 1499 1957 magis
1533 1915 1630 1947 faciat
1665 1916 1704 1947 ad
1742 1917 1884 1958 origines

260 1975 435 2017 scripturae
459 1972 631 2016 quadratae
652 1969 879 2009 illustrandas,
911 1981 972 2013 qua
995 1972 1035 2003 de
1056 1982 1091 2003 re
1112 1971 1176 2003 alio
1198 1971 1270 2003 loco
1295 1970 1335 2013 †)
1366 1971 1497 2003 uberius
1519 1972 1709 2014 disputaturi
1731 1983 1853 2004 sumus.

385 2029 438 2061 De
461 2026 706 2071 orthographica
728 2027 853 2058 ratione
876 2026 1129 2067 observandum,
1164 2029 1197 2059 in
1223 2028 1377 2060 omnibus¹
1401 2027 1496 2060 huius
1518 2030 1646 2074 generis
1668 2031 1884 2061 monumentis

260 2087 383 2120 litteras
404 2097 417 2120 π
443 2092 475 2117 et
491 2095 504 2111 ἢ
526 2095 614 2117 more
637 2083 860 2115 Hebraeorum
882 2090 914 2115 et
936 2082 1172 2117 Chaldaeorum
1186 2086 1219 2117 in
1236 2083 1279 2115 V.
1294 2083 1335 2116 T.
1358 2085 1470 2127 (secus
1485 2091 1578 2127 atque
1593 2096 1690 2128 supra
1705 2087 1883 2127 expositum

259 2146 289 2184 5.
310 2144 371 2185 40)
397 2152 558 2185 nunquam
579 2151 642 2172 non
663 2139 758 2183 plene
779 2141 912 2182 scriptas
934 2151 1016 2173 esse.

314 2271 339 2304 *)
357 2270 427 2299 Vide
446 2270 491 2297 lib.
506 2269 541 2302 11,
563 2270 595 2295 ad
615 2277 660 2295 no.
677 2269 719 2295 ⁷4.
740 2269 783 2296 75.

311 2319 352 2352 **)
377 2320 472 2353 Neque
494 2326 561 2345 vero
588 2326 624 2344 ex
650 2322 745 2344 vetere
764 2318 881 2345 hebraea
902 2317 931 2343 in
949 2317 1037 2343 munis

261 2368 357 2395 usitata
378 2367 422 2402 (§.
445 2366 516 2400 51),
544 2366 687 2392 manifesto
706 2366 733 2393 id
752 2366 925 2403 arguentibus
942 2366 1037 2392 litteris

239 2426 303 2455 ιρι,
329 2427 372 2456 ῃ,
397 2426 424 2454 η,
448 2424 491 2454 2,
516 2424 563 2455 ω,
588 2415 704 2441 maxime
724 2419 811 2441 autem
828 2418 904 2446 Vav,
926 2423 1038 2449 quarum

263 2467 352 2504 figura
384 2468 413 2494 in
447 2468 535 2502 prisca
569 2467 755 2492 Hebraeorum
794 2466 925 2500 scriptura
958 2467 1038 2500 plane

265 2515 372 2543 diversa
389 2520 438 2543 est.
710 2532 713 2533 ν

316 2563 374 2596 ***)
388 2566 459 2590 Bizd.
478 2574 506 2591 u.
526 2565 598 2590 Schr.
614 2562 650 2594 II,
666 2565 734 2589 227:
755 2564 788 2589 So
802 2564 867 2588 vieze
881 2563 1038 2596 phonizische

269 2613 416 2638 Denkmiiler
434 2614 473 2638 ich
491 2614 555 2638 auch
567 2613 702 2638 benachtet
716 2613 787 2643 habe,
807 2622 833 2638 so
847 2612 903 2637 siml
915 2613 962 2636 mir
975 2612 1038 2638 doch

1106 2271 1130 2294 in
1148 2270 1241 2295 keinem
1259 2270 1371 2301 einzr'gen
1385 2270 1615 2303 &chiphanizischen
1633 2271 1770 2304 diejem'gen
1786 2271 1884 2296 Gamz-

1107 2323 1146 2343 1en
1161 2319 1363 2350 vorgekommen,
1382 2319 1473 2344 welche
1491 2320 1543 2344 sich
1562 2321 1622 2344 oben
1640 2320 1730 2352 offam.
1767 2319 1825 2344 Nur
1840 2320 1883 2350 bey

1107 2367 1162 2392 dem
1184 2368 1294 2400 einzigen
1318 2375 1336 2398 9
1357 2367 1446 2398 finden
1463 2368 1534 2400 sich,
1558 2368 1650 2401 sedech
1676 2368 1760 2392 hb‘chst
1783 2370 1882 2397 senene,

1107 2418 1284 2451 Ans-nahmen,
1315 2419 1355 2443 die
1378 2420 1497 2444 zuweilen
1517 2420 1568 2444 blas
1587 2428 1634 2444 von
1654 2420 1698 2444 ‹Ier-
1722 2418 1882 2444 Ueberei-

1107 2469 1187 2498 lung
1212 2467 1269 2491 (les
1291 2467 1486 2492 Schreibers
1511 2467 1542 2498 (?
1561 2475 1624 2492 num
1644 2466 1764 2501 fugiente
1782 2466 1881 2491 calamo

1106 2513 1221 2548 insculpi
1238 2518 1363 2548 poterant
1382 2516 1451 2541 haec
1470 2514 1689 2546 monumenta'2)
1709 2514 1865 2539 herram-en.-

1159 2561 1188 2596 †)
1223 2563 1254 2589 ln
1282 2562 1395 2589 historia
1423 2563 1488 2599 ling.
1516 2567 1543 2590 et
1571 2563 1718 2596 scripturae
1748 2561 1881 2587 hebraeae

1106 2611 1195 2638 denuo
1220 2612 1331 2638 edenda.
