2242 2976
716 268 917 302 LINGUAE
940 267 1136 302 INDOLES
1159 267 1219 301 ΕΤ
1242 267 1464 301 HISTORIA.
1829 270 1905 308 335

276 364 457 397 litteratura
485 369 619 394 exarata
644 369 720 395 sunt
747 362 823 406 (lib.
843 362 887 402 Π,
912 372 980 405 cap.
1002 363 1060 405 8),
1097 364 1239 396 maxime
1260 362 1342 405 lapis
1364 362 1702 405 carpentoractensis,
1732 361 1906 395 Phoenicia

276 420 430 464 appellari
443 419 539 451 solita
554 427 645 459 sunt,
670 430 763 462 quem
779 420 906 462 quidem
925 430 1065 451 errorem
1082 430 1102 451 a
1119 419 1251 462 Koppio
1265 421 1330 451 iam
1346 420 1505 451 detectum
1521 426 1553 451 et
1573 420 1774 462 castigatum,
1798 426 1904 462 spreta

278 477 451 510 utilissima
471 475 531 507 hac
552 474 778 508 observatione
801 482 927 519 praeter
948 476 1107 508 Lancium
1130 477 1226 507 etiam
1245 476 1452 508 Hamakerus
1463 476 1627 508 revocavit
1649 475 1695 517 *),
1724 482 1756 507 et
1770 486 1904 518 praeoc-

276 541 410 576 cupatae
438 531 629 571 dedtaleoti
652 531 857 565 phoeniciae,
870 532 979 565 indole
1001 532 1145 575 opinioni
1159 533 1235 564 inde
1251 534 1414 576 suppetias
1429 533 1513 564 ferre
1527 543 1592 564 non
1609 532 1777 564 dubitavit.
1809 531 1906 572 Quod

278 591 352 633 quid
377 588 499 627 valeat,
529 599 592 620 non
617 584 667 620 est
689 589 773 631 qnod
798 591 928 631 copiose
950 599 1160 631 exponamus.
1210 588 1317 627 Quum
1347 592 1432 622 enim
1455 591 1518 621 ista
1539 595 1746 621 monumenta
1767 587 1905 623 dialecto

279 657 357 678 vere
389 646 548 678 Aramaea
573 646 692 691 paucis
720 645 924 677 Hebraismis
953 652 1127 687 temperata
1158 645 1293 688 aliisque
1320 645 1436 678 litteris
1465 647 1585 688 scripta
1609 647 1674 677 sint
1706 652 1800 688 atque
1829 655 1905 684 vere

278 702 469 741 Phoenicia,
506 702 539 733 in
573 701 637 733 alia
667 712 794 744 quoque
823 703 956 745 regione
979 709 1122 744 reperta,
1161 701 1292 745 linguae
1320 712 1397 734 vere
1419 702 1614 734 Phoeniciae
1636 700 1778 734 indolem
1800 712 1842 734 ex
1864 702 1906 733 iis

278 760 391 791 eodem
422 759 490 790 fere
517 759 587 789 iure
618 757 773 797 definias,
809 769 901 801 quam
931 760 959 790 si
989 770 1030 791 ex
1060 758 1233 790 Chaldaeis
1255 758 1403 791 Danielis
1426 766 1459 791 et
1481 759 1582 793 Esrae
1605 758 1761 802 capitibus
1784 765 1840 790 aut
1863 760 1905 790 ei

278 814 452 859 Targumis
474 814 628 858 colligere
652 815 751 854 velis,
782 817 880 847 totius
900 815 1030 848 Veteris
1045 814 1246 847 Testamenti
1261 818 1439 848 orationem
1454 816 1628 857 Syriasmis
1643 822 1675 847 et
1689 814 1906 846 Chaldaisirfis

277 882 349 904 esse
371 872 533 904 refertam.

1040 950 1068 988 ᾗ.
1109 951 1138 981 3,

383 1012 475 1052 Quae
491 1026 568 1047 vera
583 1017 624 1047 sit
634 1015 828 1046 Phoeniciae
846 1014 977 1058 linguae
989 1017 1113 1058 species
1130 1023 1162 1048 et
1176 1018 1264 1059 quasi
1279 1017 1383 1049 forma
1398 1017 1601 1060 habitusque,
1618 1017 1691 1059 quid
1706 1016 1746 1048 ab
1755 1015 1907 1048 Hebraea

278 1070 423 1110 differat,
459 1078 491 1103 et
517 1070 569 1102 vel
592 1070 654 1103 sibi
677 1072 842 1121 proprium
866 1079 897 1103 et
918 1071 1080 1114 peculiare
1101 1071 1154 1103 vel
1177 1083 1248 1104 cnm
1272 1075 1416 1115 cognatis
1439 1060 1558 1116 linguis
1579 1083 1746 1104 commune
1768 1071 1906 1110 habeat,

278 1127 310 1159 id
326 1138 367 1159 ex
383 1134 517 1171 utroque
534 1127 622 1159 fonte
638 1138 730 1170 quem
747 1129 842 1160 modo
859 1129 1071 1160 indicavimus
1091 1129 1136 1169 (ξ.
1151 1129 1187 1170 1)
1211 1129 1342 1161 uberius
1359 1130 1487 1172 quidem
1505 1129 1669 1161 docebitur
1683 1136 1751 1160 tum
1765 1128 1907 1160 secundo

279 1190 311 1215 et
331 1185 425 1216 tertio
448 1184 513 1216 turn
537 1186 677 1216 maxime
700 1191 810 1226 quarto
832 1184 928 1216 huius
949 1183 1027 1216 libri
1050 1187 1173 1227 capite:
1211 1192 1245 1216 ut
1266 1185 1448 1228 intelligant
1468 1192 1575 1217 autem
1590 1184 1745 1224 lectores,
1774 1184 1850 1227 quid
1867 1184 1906 1215 de

279 1239 336 1271 illa
357 1241 556 1273 eruditorum
579 1241 738 1272 discordia
761 1242 814 1280 (ξ.
840 1244 871 1279 2,
895 1242 936 1284 2)
958 1242 1160 1273 sentiendum
1183 1243 1247 1280 sit,
1272 1243 1379 1273 statim
1403 1253 1488 1273 nunc
1509 1243 1557 1273 rei
1579 1252 1736 1273 summam
1760 1241 1794 1272 in
1817 1241 1908 1273 brevi

280 1304 450 1338 conspectu
480 1308 599 1340 ponere
625 1296 819 1340 linguaeque
847 1297 965 1330 faciem
987 1300 1097 1340 paucis
1120 1298 1309 1341 quibusdam
1334 1298 1430 1330 lineis
1453 1297 1644 1330 adumbrare
1667 1297 1772 1329 visum
1795 1303 1854 1329 est.

398 1356 401 1372 l

386 1386 435 1419 Ac
466 1391 608 1430 primum
644 1391 674 1418 1.
709 1388 840 1419 omnino
868 1387 930 1419 hoc
961 1388 1134 1420 tenendum
1164 1395 1235 1428 est,
1280 1388 1431 1432 pleraque
1467 1395 1562 1431 atque
1583 1397 1686 1430 paene
1708 1388 1816 1419 omnia
1835 1398 1906 1419 cum

280 1442 440 1475 Hebraeis
470 1445 659 1483 convenire,
699 1445 769 1476 sive
798 1445 923 1476 radices
952 1451 1076 1486 spectas
1106 1445 1175 1476 sive
1211 1445 1383 1477 verborum
1406 1453 1438 1477 et
1458 1445 1701 1477 formandorum
1723 1450 1756 1475 et
1777 1443 1909 1474 flecten-

280 1501 394 1533 dorum
425 1502 604 1540 rationem,
640 1511 734 1543 quarn
763 1501 890 1542 quidem
919 1511 987 1532 rem
1017 1500 1174 1543 exemplis
1203 1500 1366 1534 illustrare
1395 1510 1669 1544 supervacaneum
1698 1506 1757 1534 est.
1799 1498 1907 1531 Unum

280 1555 366 1588 haud
403 1556 568 1600 negligere
601 1557 769 1596 iubemus,
810 1556 989 1589 Phoenices
1028 1558 1127 1589 etiam
1162 1558 1196 1589 in
1233 1558 1455 1590 usitatissimis
1494 1556 1659 1589 vocabulis
1699 1563 1732 1588 et
1770 1555 1908 1588 vocabu-

279 1612 384 1644 lorum
420 1613 552 1652 formis,
594 1615 629 1645 in
664 1613 779 1656 quibus
819 1612 946 1645 dialecti
981 1612 1063 1645 alias
1100 1611 1192 1645 valde
1229 1613 1344 1646 affines
1380 1624 1476 1657 saepe
1515 1625 1535 1646 a
1571 1624 1606 1645 se
1635 1615 1772 1645 invicem
1805 1613 1907 1645 disce-

280 1669 357 1701 dere
386 1668 510 1708 solent,
547 1669 666 1713 ubique
695 1669 919 1702 Hebraeorum
949 1679 1041 1702 usum
1071 1671 1162 1712 sequi
1191 1681 1220 1701 v.
1251 1681 1277 1703 c.
1305 1679 1351 1717 εις
1383 1677 1472 1713 pater
1502 1669 1583 1713 plur.
1612 1678 1681 1703 na&
1713 1671 1837 1710 (aram.
1867 1668 1907 1711 pl.

281 1731 411 1770 ‘matth
441 1738 499 1772 rt&
522 1730 672 1761 dominus
702 1729 787 1772 (non
810 1720 892 1768 Ῑε-Β),
920 1740 993 1761 raro
1015 1732 1102 1770 πῆ),
1141 1737 1176 1771 l:
1198 1728 1286 1762 filius
1317 1731 1401 1772 (syr.
1425 1738 1489 1768 ῆι,
1527 1729 1616 1762 arab.
1639 1731 1735 1780 Usi),
1773 1737 1818 1761 na
1842 1727 1909 1784 iilia

282 1798 402 1839 (aram.
422 1804 507 1835 nnn,
536 1795 622 1827 arab.
644 1798 765 1844 W),
795 1805 845 1830 me
868 1806 926 1838 pro
949 1805 1011 1830 127³&
1036 1797 1103 1836 vir,
1134 1801 1218 1839 poet.
1242 1806 1303 1833 5:1³
1327 1799 1412 1838 (syr.
1436 1787 1562 1845 'Q’
1594 1797 1680 1830 arab.
1703 1799 1818 1846 ⁸¹5⁵·>))⁷
1848 1798 1909 1831 52³

282 1857 432 1889 dominus
452 1854 561 1897 (arab.
579 1858 666 1905 9⁸5),
697 1864 762 1889 *5:²¹1
789 1854 921 1887 verbum
945 1856 1028 1898 (non
1051 1858 1117 1890 2757:
1142 1863 1197 1888 aut
1218 1858 1366 1905 5243),
1396 1867 1431 1890 *a
1453 1855 1577 1895 insula,
1600 1866 1640 1890 ῃ»
1662 1854 1798 1899 populus
1823 1857 1908 1898 (non

281 1917 359 1957 μή,
394 1918 510 1957 nnn),
539 1924 599 1950 ωτι
623 1917 732 1947 venire
755 1917 837 1957 (non
856 1924 943 1954 anu,
969 1917 1050 1961 ιτς),
1081 1926 1143 1950 ww
1166 1927 1285 1959 ponere
1308 1917 1392 1959 (non
1412 1919 1537 1963 »Β
1570 1922 1628 1962 7³&
1652 1927 1713 1959 ego
1735 1915 1819 1957 (non
1838 1925 1909 1953 am,

284 1976 361 2023 m),
391 1974 471 2017 plur.
495 1986 594 2007 masc.
617 1977 650 2007 iu
674 1983 765 2016 n’,—‚
794 1986 867 2006 raro
890 1976 923 2006 in
949 1982 1034 2019 ἰτ-Γ,
1066 1975 1141 2008 fem.
1162 1977 1196 2007 in
1219 1975 1279 2008 ulla
1296 1989 1338 2005 =
1360 1986 1398 2009 ηπ
1413 1974 1512 2017 ,(ῃοη
1537 1975 1616 2017 ath)
1642 1974 1698 2007 rel.

413 2060 443 2088 2.
487 2056 679 2099 Ubicunque
711 2058 925 2099 antiquiorum
955 2056 998 2090 V.
1030 2056 1069 2089 T.
1098 2058 1288 2099 scriptorum
1319 2067 1399 2088 usus
1427 2067 1447 2088 a
1475 2059 1690 2089 recentiorum
1719 2058 1908 2099 scriptorum

284 2125 344 2146 usu
367 2114 544 2156 discrepat,
565 2112 677 2156 lingua
699 2112 873 2144 Phoenicia
896 2124 968 2145 cum
989 2113 1040 2145 his
1063 2114 1169 2156 potius
1191 2123 1285 2155 quam
1309 2124 1379 2145 cum
1402 2112 1470 2145 illis
1491 2114 1659 2152 convenit,
1683 2114 1767 2156 quod
1789 2115 1910 2145 nemini

283 2171 399 2202 mirum
429 2170 531 2201 videri
561 2177 682 2212 potest,
719 2171 772 2212 qui
802 2176 944 2211 reputet,
982 2181 1062 2213 quae
1097 2170 1192 2212 su'pra
1221 2171 1261 2201 de
1291 2175 1472 2202 nostrorum
1503 2176 1782 2202 monumentorum
1806 2177 1908 2202 aetate

284 2227 368 2259 dicta
396 2232 471 2258 sunt
499 2226 574 2268 (lib.
596 2226 612 2258 I
640 2228 669 2265 §.
695 2226 746 2267 6).
791 2225 840 2257 Ita
867 2227 1006 2258 nominis
1035 2226 1162 2258 relativi
1185 2225 1311 2268 plenior
1333 2225 1437 2258 forma
1460 2235 1535 2262 Ἶωκ
1559 2237 1714 2269 nusquam
1737 2232 1908 2268 comparet,

285 2282 403 2324 ubique
434 2282 563 2314 brevior
591 2282 649 2314 illa
676 2289 727 2321 et,
767 2289 802 2314 ut
830 2283 972 2322 videtur,
1011 2282 1171 2314 recentior
1193 2293 1218 2316 ω
1247 2283 1319 2324 (η’,
1350 2283 1426 2324 m),
1461 2290 1495 2314 et
1515 2283 1562 2319 bu:
1586 2284 1677 2328 (bvj)
1707 2293 1748 2314 ex
1770 2282 1789 2322 '‘:3
1811 2285 1906 2330 ῆπξιξ,

286 2339 370 2380 quod
398 2340 527 2370 nonnisi
555 2341 588 2371 in
621 2338 818 2371 Ecclesiaste
837 2346 879 2370 *et
908 2338 1068 2371 Talmude
1095 2340 1268 2381 reperitur:
1305 2349 1442 2382 regnum
1470 2339 1589 2382 ubique
1621 2339 1803 2381 exprimunt
1831 2350 1908 2371 voce

287 2395 377 2429 nal-‚⁷2
402 2396 549 2442 (ηέξγὲ),
583 2403 617 2427 ut
644 2397 678 2427 in
707 2397 885 2427 recentiore
908 2395 1121 2434 Hebraismo,
1157 2406 1316 2438 nusquam
1339 2397 1519 2438 antiquiore
1542 2394 1699 2427 vocabulo
1722 2396 1836 2442 :7:327373
1858 2396 1907 2436 (v.

287 2451 369 2484 Lex.
398 2438 482 2484 man:
513 2452 564 2484 bis
593 2452 698 2493 vcc.);
730 2455 917 2493 principem
946 2451 1134 2495 plerumque
1155 2453 1332 2484 recentiore
1356 2451 1512 2484 vocabulo
1535 2459 1579 2486 3η
1605 2453 1698 2493 (raro
1722 2439 1812 2494 mnf:
1844 2460 1905 2486 *tm

288 2507 378 2539 :idus
404 2509 438 2539 in
468 2506 511 2539 V.
536 2507 577 2540 T.
601 2507 684 2547 ἅπαξ
706 2506 809 2550 λεγόμ.
833 2507 921 2551 (Iob.
945 2511 1003 2547 38,
1025 2509 1085 2550 32)
1113 2509 1152 2540 de
1164 2508 1329 2548 fortuna,
1368 2516 1401 2540 ut
1431 2509 1514 2550 apud
1548 2507 1742 2546 Phoenices,
1781 2510 1908 2540 nonnisi

342 2624 370 2660 ¹)
388 2626 459 2653 Vide
475 2635 555 2661 supra
572 2636 631 2664 pag.
647 2629 692 2656 60.
