2242 2976
207 2578 225 2597 ,⁴
275 2558 323 2590 et,
346 2563 426 2595 quae
448 2554 521 2586 inde
545 2561 633 2586 ortae
656 2561 742 2593 suut,

551 262 612 295 DE
633 260 840 295 LITTERIS
862 259 1126 294 PHOENICIIS.
1170 264 1198 299 §.
1222 262 1271 293 25.
1300 258 1395 294 NUN
1417 258 1623 293 LITTERA.
1854 264 1903 299 37

275 354 314 388 G.
337 355 400 395 H.‚
438 355 616 389 Sabrathae
636 356 676 389 A.
700 355 739 388 B.
760 355 799 387 E.
822 355 858 387 F.
881 355 978 398 Sigae
999 354 1039 386 A.
1063 354 1102 388 B.
1123 353 1181 394 (3.,
1215 360 1247 386 et
1275 355 1339 389 iam
1361 355 1394 386 in
1418 365 1514 386 numo
1537 353 1652 387 Cilicio
1676 354 1702 386 1.
1725 358 1787 388 vic.
1803 359 1901 398 prim.

274 410 402 444 Numid-
425 415 464 452 3,
486 416 516 445 2.
540 415 570 445 3.
592 417 633 452 4,
656 416 692 450 2;
721 416 781 445 vic.
804 423 868 445 sec.
892 411 1022 443 Numid.
1043 415 1075 450 2,
1099 413 1129 443 1.
1152 413 1214 443 vic.
1237 414 1313 442 tert.
1335 409 1468 445 Numid.
1491 414 1522 450 2,
1548 415 1579 442 2.
1601 414 1633 451 3,
1655 415 1685 444 2.
1706 416 1739 452 4,
1764 416 1794 445 2.
1818 415 1848 451 5,
1872 416 1902 444 2.

274 467 398 511 Tripol.
421 472 458 508 2,
483 473 511 501 2.
534 468 627 501 Coss.
646 468 693 501 M.
720 468 763 503 N.
786 467 826 500 Ο.

397 525 549 569 Figuram
564 525 647 557 hanc
662 525 893 564 cruciformem,
916 531 949 556 et
970 534 1020 555 no.
1038 525 1087 556 18.
1103 525 1145 555 20
1167 523 1296 566 quidem
1310 524 1373 554 iam
1390 523 1608 567 Lindbergius
1623 524 1713 557 Mem
1727 536 1799 557 esse
1819 532 1904 557 recte

271 589 449 624 agnoverat
471 583 530 624 (de
545 583 652 614 numis
673 581 799 614 Sextor.
822 592 851 623 p.
877 582 930 620 17,
953 581 992 612 de
1017 581 1114 612 inscr.
1139 579 1239 612 Melit.
1263 591 1293 622 Ρ.
1308 581 1387 620 21):
1422 591 1484 622 qua
1506 580 1731 614 observatione
1755 581 1901 625 neglecta

271 637 479 671 Hamakerus
492 638 611 682 ubique
627 649 698 670 eam
713 638 782 670 Tau
795 636 874 680 legit
883 643 916 668 et
931 635 983 667 vel
1000 635 1061 668 hoc
1075 647 1184 668 errore
1197 636 1261 668 sibi
1272 646 1367 678 saepe
1381 636 1466 667 viam
1482 637 1522 668 ad
1534 638 1700 670 veritatem
1717 637 1903 681 praecludit.

404 693 575 727 Caeterum
597 693 675 737 figg.
699 697 752 726 20.
774 697 812 725 21
839 700 870 724 et
892 695 932 724 23
955 694 989 724 in
1013 680 1194 724 Numidicis
1216 703 1329 724 revera
1345 693 1442 724 etiam
1464 699 1655 735 potestatem
1677 694 1798 728 habent
1816 694 1902 727 litte-

272 760 380 783 rarum
408 751 477 784 Tau
497 758 530 783 et
552 750 682 793 Aleph,
706 761 769 794 qua
789 749 830 781 de
853 760 889 781 re
911 749 984 781 vide
1006 750 1050 788 §5-
1077 752 1126 781 12.
1149 751 1200 781 33.
1225 751 1276 781 35.

449 807 569 851 „Figg.
593 809 612 839 3
634 814 666 839 et
685 809 706 838 ὃ
730 808 764 838 in
787 807 977 848 scripturam
999 815 1098 837 aram.
1122 806 1342 848 aegyptiacam
1364 806 1603 840 transierunt.“

445 865 536 903 „Ma
566 863 725 896 Graecum
755 863 1005 894 vetustissimum
1034 872 1105 893 cum
1127 869 1253 893 etrusco
1278 868 1382 893 ortum
1412 868 1461 893 est
1491 873 1533 894 ex
1562 862 1617 905 fig.
1642 867 1679 895 11
1712 864 1817 897 demta
1842 875 1906 897 una

355 919 506 960 „lineola
527 921 568 952 ad
588 921 763 963 sinistram.
805 920 962 952 Producto
986 929 1079 950 crure
1101 919 1235 950 sinistro
1258 918 1333 950 dein
1357 925 1430 949 orta
1453 925 1502 950 est
1523 918 1666 962 vulgaris
1685 919 1791 963 figura
1806 920 1910 953 Grae-

357 987 500 1017 „corum
522 983 556 1008 et
579 975 838 1008 Romanorum“

444 1035 627 1078 „Figuram
645 1044 762 1066 nonam
775 1034 966 1077 adoptarunt
979 1039 1105 1065 veteres
1119 1032 1283 1072 Hebraei,
1309 1043 1350 1064 ex
1375 1032 1501 1065 decima
1521 1038 1642 1076 quarta
1665 1037 1769 1067 ortilm
1792 1042 1842 1067 est
1862 1035 1904 1072 Ἠ

356 1115 379 1131 ,,
369 1091 679 1131 ‚Samaritanorum3
719 1091 820 1122 cauda
848 1092 1069 1123 sinistrorsum
1106 1089 1228 1122 inflexa
1264 1096 1296 1121 et
1332 1089 1502 1122 denticulis
1531 1090 1600 1122 fere
1637 1091 1751 1124 demtis
1786 1093 1907 1125 sensim

356 1147 477 1187 „Mem
499 1147 762 1189 Palmyrenorum
783 1153 815 1179 et
835 1148 1011 1190 scripturae
1035 1146 1218 1189 quadratae.
1231 1149 1253 1165 ‘⁶

1034 1241 1063 1279 §-
1097 1241 1148 1271 25.

871 1307 996 1340 Nun
1039 1308 1294 1339 littera.

402 1374 521 1408 Nativa
541 1375 648 1419 figura
666 1374 761 1407 huius
783 1373 925 1414 litterae,
949 1376 1039 1406 cuius
1060 1384 1176 1405 nomen
1200 1381 1243 1415 3³1:
1260 1377 1385 1418 piscem
1407 1374 1584 1417 significat,
1607 1374 1687 1407 haec
1710 1382 1774 1407 est:

1054 1426 1241 1584 77

273 1582 439 1625 aZLamed
460 1582 508 1613 ita
530 1581 696 1620 distincta,
720 1583 805 1613 utin
829 1581 887 1614 illo
907 1585 1042 1618 inferior
1064 1595 1139 1628 pars
1162 1595 1188 1616 s.
1211 1594 1284 1615 crus
1306 1583 1472 1624 superiore
1493 1581 1623 1624 longius
1641 1583 1702 1620 sit,
1735 1588 1821 1613 certe
1838 1591 1902 1613 non

274 1639 419 1683 brevius:
458 1648 540 1681 quae
578 1638 706 1680 quidem
735 1637 896 1671 scribendi
925 1640 981 1673 lex
1009 1652 1172 1684 nunquam
1206 1639 1361 1672 violatur*
1383 1641 1416 1670 in
1451 1640 1685 1678 monumentis,
1725 1649 1905 1681 quanquam

274 1694 459 1739 apographa
480 1705 520 1726 ea
541 1695 575 1726 in
596 1705 632 1726 re
649 1705 745 1737 saepe
767 1707 862 1738 supra
883 1708 977 1740 quam
1000 1698 1088 1730 credi
1104 1704 1208 1740 potest
1223 1695 1426 1739 negligenter
1448 1695 1534 1727 facta
1551 1702 1625 1726 sunt
1647 1695 1704 1737 (cf.
1718 1695 1759 1726 ad
1773 1695 1907 1726 Lamed.

273 1754 303 1791 θ.
315 1752 386 1794 23).
415 1749 575 1793 Exempla
597 1751 670 1782 vide
685 1752 719 1782 in
736 1750 837 1783 Melit.
863 1755 892 1792 1,
920 1757 950 1788 1.
966 1757 996 1786 3.
1020 1754 1138 1786 Athen.
1158 1757 1189 1790 1.
1206 1757 1235 1785 2.
1260 1752 1324 1787 Cit.
1339 1757 1370 1786 2.
1393 1751 1491 1784 Vasc.
1514 1752 1662 1783 Panorm.
1681 1750 1789 1783 Carth.
1810 1753 1904 1782 1—3.

275 1812 304 1841 5.
321 1812 352 1840 8.
368 1810 398 1839 9.
422 1818 539 1839 numm.
560 1805 653 1838 Gaul.
678 1806 838 1846 Sidoniis,
866 1808 1119 1850 panormitanis,
1141 1810 1338 1843 Laodicenis
1358 1809 1449 1840 Coss.
1465 1806 1506 1839 A.
1523 1814 1555 1839 et
1572 1819 1679 1851 saepe.
1724 1807 1819 1840 Aliae
1835 1808 1904 1839 eius

273 1865 416 1904 formae,
442 1865 477 1896 in
499 1862 615 1906 quibus
635 1863 731 1894 modo
751 1874 840 1903 crus,
870 1867 965 1898 modo
989 1866 1096 1898 femur.
1114 1866 1291 1910 paullulum
1312 1865 1558 1903 inflexumest,
1580 1875 1666 1907 genu
1688 1864 1783 1896 modo
1809 1863 1907 1895 latum

274 1928 306 1954 et
332 1932 404 1954 cum
426 1921 548 1952 femore
571 1919 743 1951 conflatum
764 1920 830 1962 (no.
849 1921 883 1962 4)
906 1923 1002 1956 modo
1026 1923 1123 1955 breve
1145 1924 1251 2111 (nai⁵7
1234 1924 1284 1964 7),
1308 1922 1370 1954 hae
1391 1927 1479 1953 sunt:

702 1977 1108 2140 yffi}
1202 1979 1450 2122 ‘7²58

274 2132 347 2164 vide
369 2141 432 2163 aec.
449 2131 483 2162 in
499 2128 631 2163 Coss.B
634 2151 654 2169 .‚
677 2135 754 2164 tert.
777 2132 867 2163 cuius
891 2130 995 2162 femur
1021 2130 1062 2162 ob
1085 2132 1180 2173 spatii
1203 2132 1367 2174 angustias
1390 2132 1578 2174 depressum
1604 2128 1696 2161 Gaul.
1715 2115 1757 2160 D.
1750 2151 1771 2168 .,
1796 2133 1903 2171 quart.

274 2187 382 2220 Carth.
405 2191 425 2219 2
446 2186 503 2219 lin.
526 2191 557 2219 2.
580 2190 610 2220 3.
635 2192 667 2220 4.
690 2190 720 2220 5.
748 2191 780 2227 3,
804 2191 834 2219 2.
858 2189 889 2226 5,
912 2190 943 2220 2.
974 2190 1076 2230 quint.
1100 2187 1224 2219 femore
1246 2195 1277 2219 et
1300 2199 1391 2219 crure
1414 2186 1622 2231 aequalibus,
1653 2187 1686 2217 in
1702 2184 1778 2217 Citt.
1793 2195 1905 2227 saepe:

273 2249 361 2277 sext.
384 2244 476 2276 Sard.
502 2248 583 2286 cept.
607 2243 710 2276 Melit.
733 2248 753 2275 2
774 2243 830 2275 lin.
855 2247 884 2275 1.
908 2247 938 2275 2.
960 2247 992 2275 4.
1007 2243 1083 2281 isid.
1107 2244 1143 2275 F.

400 2298 600 2332 Peculiarem
623 2301 781 2343 quandam
805 2299 940 2332 classem
963 2301 1160 2332 constituunt
1191 2311 1248 2332 eae
1279 2300 1426 2344 figurae,
1461 2312 1597 2344 quarum
1626 2311 1698 2331 crus
1729 2296 1902 2340 paullulum

274 2368 371 2400 supra
395 2368 480 2400 genu
501 2359 703 2400 protenditur
1005 2398 1016 2414 8
1177 2398 1189 2413 ⁹

925 2587 1254 2755 39}
