2242 2976
469 294 607 328 INSCR.
624 293 1037 328 CARTHAGINENSES.
1078 294 1167 327 LIV.
1191 292 1582 327 CARTHAGINENSIS
1604 290 1741 325 NONA.
1844 293 1912 329 181

297 389 463 421 :mudum
483 389 561 428 hat,
593 393 656 421 wie
679 393 741 422 mir
762 390 825 422 Ην.
843 389 965 421 Consul
976 388 1083 422 Falbe
1102 389 1248 428 erzaeltlt,
1271 388 1500 421 rucksichtlich
1514 388 1571 420 des
1583 387 1734 419 Ben'tzes·
1747 385 1914 418 desselben

295 450 379 478 state
406 446 586 488 gvfunden.
636 446 704 478 Von.
738 446 838 478 Tanis
866 446 975 477 warde
996 447 1056 478 der
1077 445 1173 478 Stein
1194 446 1278 478 nach
1300 447 1402 478 Paris
1423 445 1600 488 gebracht,
1636 454 1684 475 wo
1705 442 1763 475 ilm
1785 443 1847 474 Ην.
1870 440 1913 474 F.

296 502 356 543 bey
383 506 493 534 seiner
521 503 675 542 Ankunft
704 513 763 535 vor
791 506 925 545 einigen
954 502 1082 535 Jahren
1109 504 1160 535 alu
1188 507 1259 534 sein
1290 502 1491 545 Eigenthum
1520 500 1730 540 anzuh-effen
1760 498 1914 542 glaubte:

295 558 376 590 aber
399 560 612 591 unterdeeeen
634 559 728 591 hatte
751 558 808 590 ihu
830 559 889 591 der
911 558 1006 598 Graf
1026 559 1149 602 Turpia
1170 559 1331 602 gekatfft,
1366 562 1402 590 in
1425 559 1538 590 descen
1564 557 1676 589 Besitz
1699 567 1736 588 er
1758 555 1827 588 vich
1848 565 1914 587 mm

294 615 443 654 hefindet
478 615 662 658 (Hohlenb.
694 617 727 646 in
766 614 825 647 litt.
859 616 899 648 ad
938 626 988 647 me
1026 617 1173 658 datis)“.
1226 617 1256 647 A
1287 615 1414 647 FALmo
1451 617 1587 657 primum
1624 615 1727 645 editus
1756 619 1823 652 est,
1859 622 1914 643 mr

294 673 561 714 l’emplacement
589 672 630 704 de
662 671 831 714 Carthage
859 671 924 704 tab.
951 675 969 704 5
1000 683 1053 704 no.
1076 675 1112 712 5,
1148 674 1194 704 ita
1224 673 1351 715 quidem
1385 678 1421 703 ut
1456 670 1629 703 delineatio
1663 680 1771 701 veram
1798 668 1914 711 lapidis

296 730 547 771 magnitudinem
584 729 738 760 imitetur.
795 728 937 760 Eandem
979 730 1077 760 etiam
1112 740 1170 761 nos
1205 725 1306 761 secuti
1339 739 1459 760 snmus.
1510 726 1691 769 Explicavit
1726 737 1799 758 eum
1830 736 1914 757 nnus

294 786 512 828 Lindbergins
536 785 637 828 (apud
660 784 809 817 Falbium
830 784 852 817 l.
881 796 908 816 c.
932 796 962 827 p.
987 785 1071 827 103)
1092 785 1177 818 hunc
1199 787 1232 817 in
1257 786 1385 817 modum
1409 791 1440 816 et
1460 784 1573 827 legens
1595 790 1645 822 et,
1679 793 1759 825 qnae
1781 782 1912 819 desunt,

294 841 446 889 supplens
460 865 468 873 .
574 893 639 930 '¹¹:33
661 890 757 933 δὲῃ-μζ
784 885 896 928 (ὯΡ)
1141 883 1392 926 (Sepulchrum)
1411 883 1547 922 Jobaaz',
1570 884 1707 914 cultoris

594 944 752 990 jnmjtfflzzg
775 951 810 983 γι
833 951 896 975 tun
1139 940 1276 980 Hevae,
1303 941 1382 979 filii
1401 940 1498 973 Abd-
1506 939 1639 972 Esmun.

420 1005 592 1039 Hominem
617 1008 900 1051 Carthaginensem
924 1008 987 1040 sibi
1007 1008 1102 1051 fingit
1123 1010 1178 1052 qui
1200 1019 1318 1040 nomen
1340 1015 1430 1050 gerat
1448 1012 1544 1054 σπῆι-ιζ’
1567 1007 1694 1039 Jelaova
1711 1006 1913 1042 conculcans,

293 1070 325 1094 et
354 1062 460 1102 Evae,
497 1066 608 1096 matris
637 1065 831 1103 viventium,
869 1064 972 1096 cultor
1001 1064 1115 1104 fuerit,
1158 1065 1253 1096 etiam
1283 1065 1366 1107 apud
1402 1063 1528 1096 Poenos
1567 1063 1733 1106 religionis
1763 1062 1914 1095 Judaicae

294 1119 433 1151 asseclas
456 1120 557 1152 fuisse
580 1128 733 1152 statuens.
777 1121 841 1152 Sed
865 1132 906 1152 ex
932 1121 992 1153 hoc
1015 1121 1107 1152 titulo
1131 1120 1195 1152 tale
1216 1121 1290 1164 qnid
1315 1131 1378 1152 non
1401 1120 1532 1153 efficias.
1576 1119 1660 1152 Nam
1684 1120 1764 1151 bene
1788 1118 1913 1160 quidem

292 1176 510 1220 Liudbergius
527 1178 590 1209 dno
612 1177 726 1209 ultima
741 1177 898 1209 vocabula
912 1177 1007 1220 legit3
1030 1178 1086 1209 sed
1110 1178 1141 1219 1)
1164 1179 1198 1208 in
1214 1188 1312 1209 unum
1327 1176 1518 1209 vocabulum
1535 1176 1683 1219 copulare
1698 1186 1761 1207 non
1777 1173 1915 1206 debebat

293 1231 431 1264 litteras:
464 1242 575 1267 ὀι-ππ
613 1234 784 1265 manifesta
813 1236 898 1265 enim
928 1235 1133 1276 intercapedo
1155 1235 1238 1265 inter
1260 1234 1320 1266 Jod
1344 1234 1558 1265 semifractum
1584 1240 1616 1264 et
1637 1232 1706 1264 He:
1735 1231 1914 1264 cuiusmodi

293 1290 547 1332 intercapedines
569 1292 666 1322 etiam
687 1289 811 1332 reliqua
832 1289 990 1322 vocabula
1014 1291 1245 1322 discriminant.
1296 1291 1328 1332 2)
1352 1290 1446 1322 Duae
1469 1289 1612 1328 litterae,
1643 1300 1722 1331 quas
1749 1289 1817 1321 Vav
1839 1279 1916 1318 facit

293 1345 528 1388 Lindbergius,
565 1353 674 1388 aperte
709 1347 855 1377 diversae
884 1353 980 1378 sunt:
1019 1354 1052 1378 et
1082 1348 1170 1389 prior
1205 1348 1333 1389 quidem
1361 1346 1417 1378 lin.
1448 1350 1463 1377 1
1496 1346 1700 1378 manifestum
1731 1351 1780 1376 est
1812 1342 1915 1384 Caph,

293 1403 454 1444 posterior
475 1401 573 1445 Nun,
612 1404 724 1435 eodem
747 1402 843 1434 modo
867 1403 984 1444 pictum
1008 1405 1040 1434 in
1064 1402 1174 1434 Carth.
1189 1406 1219 1442 2,
1243 1409 1274 1434 et
1287 1402 1435 1434 similiter
1456 1401 1566 1434 Carth.
1582 1404 1613 1440 3,
1638 1401 1694 1432 lin.
1712 1405 1741 1432 2.
1760 1403 1790 1439 5,
1812 1399 1868 1430 lin.
1882 1402 1914 1430 2.

294 1460 327 1499 3)
351 1457 432 1497 Fac,
470 1460 556 1490 inter
583 1458 855 1502 Carthaginenses
885 1460 1032 1492 homines
1061 1459 1161 1491 fuisse
1189 1460 1284 1490 unius
1313 1460 1364 1490 dei
1392 1458 1492 1490 cultui
1522 1465 1555 1490 et
1582 1457 1732 1500 religioni
1761 1456 1914 1488 Judaicae

294 1515 455 1553 addictos,
479 1515 510 1556 a)
534 1515 606 1547 talis
631 1516 769 1547 hominis
792 1527 907 1548 nomen
932 1518 1093 1559 proprium
1117 1526 1188 1546 esse
1211 1517 1267 1547 vix
1288 1522 1396 1556 posset
1419 1520 1534 1549 ποιῇ-με
1557 1515 1590 1546 id
1612 1515 1697 1545 enim
1712 1514 1751 1545 de
1765 1512 1916 1554 analogia

295 1572 458 1603 nominum
488 1573 648 1613 proprium
679 1584 697 1603 a
719 1578 791 1613 7⁶77,
827 1578 854 1606 ἢ
891 1573 1085 1604 ordientium
1114 1572 1311 1603 reddendum
1339 1578 1443 1602 esset.
1475 1581 1565 1614 quem
1585 1570 1712 1602 Jelmva
1734 1569 1914 1606 conculcat,

294 1627 386 1670 quale
415 1638 532 1659 nomen
565 1630 696 1670 pessimi
725 1616 841 1660 ominis
869 1639 1029 1672 nunqnam
1059 1628 1182 1660 homini
1204 1627 1356 1659 Hebraeo
1377 1627 1531 1659 tributum
1552 1627 1652 1659 fuisse
1673 1626 1834 1669 s'ponde03
1863 1625 1916 1656 cui

295 1674 417 1715 accedit
444 1685 527 1726 quod
551 1695 594 1716 ex
614 1683 687 1727 lege
709 1685 955 1728 orthographica
976 1685 1178 1717 scribendum
1199 1691 1268 1715 erat
1289 1692 1370 1717 θεὲ-ι’
1392 1686 1462 1715 sine
1485 1683 1600 1720 Waw3
1636 1683 1671 1726 b)
1694 1684 1796 1725 magis
1819 1682 1914 1712 etiam

295 1741 413 1771 mirum
442 1747 547 1779 esset,
584 1741 670 1783 quod
698 1743 821 1772 nomini
849 1743 977 1784 proprio
1008 1742 1152 1773 additur:
1193 1750 1255 1788 κῃ
1279 1750 1343 1787 733
1363 1742 1469 1772 cultor
1490 1741 1607 1772 Hevae
1625 1741 1647 1771 i.
1671 1750 1698 1771 e.
1729 1741 1914 1781 interprete,

294 1795 494 1838 Lindhergio
526 1798 669 1836 „matris
698 1799 916 1829 viventinm.“
967 1796 1048 1829 Tale
1078 1798 1163 1829 enim
1192 1809 1307 1829 nomen
1340 1808 1380 1829 ne
1408 1799 1440 1828 in
1470 1798 1600 1828 nomine
1628 1797 1759 1838 proprio
1788 1795 1915 1838 quidem

294 1853 398 1891 feras,
435 1853 550 1884 nedum
579 1854 612 1884 in
642 1852 844 1894 appellativo.
894 1853 945 1885 An
974 1865 1108 1896 usquam
1138 1853 1189 1884 vel
1218 1855 1383 1885 minimum
1414 1854 1585 1895 vestigium
1607 1854 1782 1895 reperitur,
1815 1851 1916 1883 fuisse

294 1911 379 1940 inter
400 1907 541 1940 Iudaeos
564 1910 618 1951 qui
639 1908 745 1941 Evam
767 1911 907 1942 numinis
928 1912 1029 1942 instar
1053 1909 1216 1942 colerent?
1254 1917 1285 1941 et
1307 1910 1467 1952 quomodo
1489 1909 1552 1941 hoc
1573 1910 1753 1951 exspectari
1775 1909 1878 1951 possit
1898 1920 1917 1939 a

296 1966 365 1997 veri
388 1964 450 1997 Dei
471 1964 666 1996 cultoribus?

424 2034 527 2066 Nobis
549 2046 737 2077 persuasum
757 2043 806 2068 est
834 2037 891 2079 (ut
913 2047 1013 2079 nuper
1036 2037 1147 2079 paucis
1171 2036 1329 2068 diximus:
1358 2037 1530 2079 palaeogr.
1553 2034 1695 2068 Studien
1716 2047 1745 2078 p.
1763 2036 1842 2078 70),
1872 2035 1917 2067 nil

295 2091 358 2123 tale
380 2093 412 2123 in
435 2090 527 2123 titulo
551 2099 659 2123 nostro
681 2093 805 2131 inesse,
836 2094 892 2125 sed
916 2093 1014 2125 verba
1035 2095 1079 2125 ita
1103 2092 1241 2135 legenda
1262 2100 1293 2125 et
1314 2093 1521 2124 instauranda
1545 2102 1632 2124 esse:

467 2189 493 2199 -
524 2166 604 2202 7:2⁷
636 2166 749 2202 ΌΞΒΠ
784 2165 874 2209 ἿΓτ(Ζι
906 2166 957 2210 72)
1142 2158 1308 2207 (Cippus
1332 2160 1371 2195 in
1395 2159 1499 2206 vita)
1517 2158 1689 2206 fullonis
1714 2158 1814 2195 Abd—

570 2234 766 2283 ῙὉΠΜἾΒΡ
800 2235 844 2283 3:
877 2236 957 2272 &217
1145 2226 1342 2271 Charmae,
1363 2226 1453 2272 filii
1473 2226 1757 2263 Abd-Esmum'.

426 2304 469 2337 Ut
492 2305 654 2336 ordiamur
677 2316 696 2336 a
718 2304 832 2336 lacuna
854 2305 988 2348 lapidis,
1024 2315 1148 2348 praeter
1170 2306 1238 2338 Jod
1256 2314 1429 2349 supersunt
1450 2308 1537 2349 scapi
1569 2308 1632 2339 duo
1655 2306 1835 2349 longiores,
1862 2306 1915 2348 qui

299 2361 349 2393 vel
378 2363 456 2393 duas
482 2361 605 2392 litteras
635 2360 835 2404 longioribus
870 2365 974 2404 scapis
1003 2364 1142 2395 munitas
1172 2365 1225 2405 (ut
1246 2373 1289 2402 ts,
1313 2372 1353 2403 Π,
1383 2363 1425 2405 0)
1462 2363 1514 2394 vel
1542 2374 1638 2395 unam
1671 2362 1790 2405 duplici
1819 2372 1914 2404 scapo

296 2420 482 2450 instructam
506 2418 659 2460 produnt,
689 2417 792 2460 qualis
816 2425 864 2450 est
886 2427 908 2452 Π
931 2420 980 2459 (v.
1003 2418 1107 2451 simile
1128 2419 1210 2452 Cloet
1229 2419 1274 2451 lin
1301 2421 1351 2462 2).
1397 2420 1568 2451 Praeterea
1591 2421 1624 2451 in
1644 2418 1750 2461 lapide
1772 2425 1916 2460 superest

299 2475 430 2506 duarum
452 2473 629 2505 litterarum
651 2476 805 2517 spatium,
835 2476 891 2507 sed
915 2475 1115 2515 breviorum,
1152 2476 1262 2519 quales
1286 2478 1319 2508 in
1343 2476 1402 2508 hac
1424 2477 1632 2518 inscriptione
1654 2482 1728 2507 sunt
1750 2484 1786 2513 9,
1810 2483 1848 2512 a,
1874 2483 1914 2512 ⁷2,

300 2540 338 2567 Ἰ,
362 2539 389 2571 3.
440 2528 530 2562 Haec
557 2532 666 2562 omnia
698 2532 905 2564 considerans
933 2534 1079 2575 reposui:
1115 2542 1172 2567 vn:
1204 2533 1233 2566 '72
1267 2533 1390 2575 Cippus
1418 2535 1454 2564 in
1482 2536 1555 2564 vita
1583 2543 1610 2563 s.
1641 2535 1772 2563 vivente
1801 2529 1841 2561 N.
1872 2529 1914 2562 N.

302 2587 437 2628 positus,
474 2594 627 2629 sequente
655 2589 807 2630 genitivo.
852 2587 902 2619 Cf.
931 2589 970 2620 de
998 2588 1059 2621 hac
1089 2589 1229 2622 formula
1256 2591 1344 2621 varie
1373 2599 1527 2631 expressa
1556 2594 1588 2619 et
1607 2589 1724 2628 scripta
1745 2585 1862 2618 Athen.
1886 2590 1914 2618 1.

302 2642 363 2674 Cit.
388 2645 417 2674 3.
441 2644 493 2673 23.
545 2643 673 2675 Poterat
694 2646 790 2676 etiam
812 2644 944 2677 rescribi
973 2655 1058 2685 *ox-12,
1095 2647 1150 2678 sed
1181 2648 1318 2689 spatium
1342 2647 1397 2677 vix
1422 2644 1558 2677 sufficiat
1580 2642 1703 2675 duabus
1724 2641 1854 2674 litteris:
1883 2651 1914 2675 et
