2242 2976
0 408 7 426 *r*
0 197 11 391 W.M·‘:⁷-=w.·¹=·r
0 168 7 191 ³·-
0 124 11 160 ,ην
0 101 3 103 ’
0 80 4 90 -

429 239 472 275 C.
507 240 689 275 NOMINA
711 238 901 274 PROPRIA
922 238 1144 274 HOMINUM
1164 231 1224 273 ΕΤ
1247 237 1441 272 DEORUM
1461 236 1727 272 EXPLICATA.
1811 241 1888 280 405

257 347 260 351 ’
311 342 412 384 ΒἿἼξη
433 339 655 374 incantatores,
684 347 785 377 neque
805 337 927 377 linguae
946 337 1043 367 ratio-

310 392 403 421 nibus
424 402 524 431 neque
549 391 643 431 ipsius
663 390 710 420 rei
733 395 841 419 natura
862 399 1045 430 magnopere

312 443 553 474 commendatur.
598 443 645 473 Ut
673 442 755 472 enim
776 442 895 482 reliqua
913 447 1042 480 taceam,

312 503 335 529 Π
363 496 465 526 littera
490 506 647 536 nunquam
670 505 778 536 graeco
801 507 820 525 κ
846 495 1041 534 exprimitur,

313 549 397 588 quod
423 549 539 589 ubique
567 556 589 581 5
618 554 650 580 et
677 557 698 590 p
726 548 836 583 litteris
863 547 1040 588 respondet.

311 601 342 641 ξ.
361 604 415 639 22,
435 605 469 632 3.
696 633 699 635 ,

272 651 476 684 Οαᾶηιίἶυε
497 665 522 684 s.
544 651 704 692 Camilia,
730 651 892 691 Camillus,
918 652 1046 683 Cabirus

313 711 438 747 quartus
449 729 458 744 ‚
498 707 626 737 deorum
653 706 814 744 minister,
851 715 943 746 quem
971 715 1046 744 pro—

310 764 417 800 pterea
428 759 561 789 eundem
572 763 663 798 atque
670 757 858 788 Mercurium
867 758 1042 787 censebant.

312 812 459 842 Scribunt
470 808 634 851 Κάσμιλος
645 811 747 841 Mnus.
763 822 812 851 ap.
824 810 927 841 Schol.
937 809 1043 850 Apoll.

314 868 345 902 1,
366 867 430 896 917
441 887 450 902 ,
485 862 643 895 Casmillus
657 864 757 894 Varro
774 863 851 903 ling.
865 864 918 893 lat.
933 863 992 900 Vl,
1011 865 1043 900 3,

310 917 394 946 unde
421 915 566 947 camilla
585 917 675 956 Virg.
698 916 780 945 Aen.
802 915 862 953 XI,
884 916 947 946 542
978 913 1043 956 (cf.

310 969 449 999 throb.
473 970 536 999 Sat.
563 972 596 1006 3,
621 966 679 1009 8);
718 963 881 1006 Κάδμιλος
900 966 1043 1007 Lycoph.

312 1023 374 1050 162
390 1020 495 1060 ibique
512 1019 616 1050 Schol.
634 1018 803 1048 Phavorin.
821 1019 855 1048 h.
872 1029 917 1056 v.,
933 1018 1045 1057 reliqui

310 1069 488 1112 Κάμιλλος,
514 1070 657 1102 Camillus
679 1072 763 1101 Plut.
778 1071 876 1100 Num.
892 1073 924 1101 7.
944 1071 1042 1100 Dion.

310 1125 414 1155 Halic-
427 1128 458 1155 2.
473 1126 582 1155 Festus
593 1125 648 1162 aL,
667 1134 743 1164 quae
757 1123 880 1163 quidem
892 1127 1047 1162 postrema

310 1177 411 1208 forma
431 1178 523 1207 etiam
541 1176 578 1206 de
593 1176 696 1216 pueris
711 1176 850 1216 ingenuis
865 1180 1043 1214 usurpatur,

312 1231 366 1270 qui
388 1230 422 1259 in
441 1230 533 1261 sacris
554 1229 777 1269 ministrabant.
822 1229 934 1258 Nativa
948 1228 1048 1258 forma

312 1282 390 1313 mihi
417 1293 480 1312 esse
510 1281 634 1312 videtur
664 1277 845 1320 Κάσμιλος,
881 1281 964 1311 unde
991 1291 1048 1320 per

311 1336 492 1366 Dorismum
507 1331 671 1374 Κάδμιλος
693 1332 748 1374 (ut
762 1330 842 1372 ὀδμὴ
858 1343 914 1372 pro
930 1330 1046 1373 ὀσμή),

313 1387 376 1419 etd
393 1389 534 1428 absorpto
556 1386 608 1427 (v.
621 1383 754 1425 Bostor)
780 1383 943 1415 Camillus.-
964 1386 1046 1415 illam

312 1447 414 1472 autem
431 1441 552 1481 explico
568 1439 694 1481 bssanop
710 1436 862 1468 oraculum
878 1437 938 1467 Dei
952 1438 1045 1469 abstr-

310 1505 368 1535 pro
384 1504 487 1524 coner.
504 1493 647 1533 interpres
660 1480 730 1528 Dei,
748 1490 790 1520 cf.
806 1489 905 1521 Boch.
916 1492 1044 1521 Hieroz.

312 1547 358 1585 Π,
381 1550 433 1577 36.
480 1545 513 1587 Si
534 1545 702 1584 genuinum
725 1548 755 1573 et
778 1553 818 1572 ex
831 1543 899 1583 ipso
916 1543 1048 1573 Oriente

312 1600 486 1641 profectum
509 1602 590 1627 esset
618 1593 799 1635 Κάδμιλος,
838 1595 870 1625 id
902 1595 1049 1635 explicari

313 1653 412 1693 possit
440 1651 563 1692 bum-up
593 1650 646 1689 qui
675 1656 742 1678 ante
771 1648 865 1678 Deum
895 1653 942 1677 est
970 1641 992 1677 i.
1017 1658 1046 1678 e.

313 1704 358 1747 ἒξ
373 1703 439 1747 1³.ss
456 1696 519 1745 '¹¹23
541 1703 675 1732 minister
690 1701 764 1738 Dei,
797 1711 970 1740 quanquam
988 1700 1049 1730 hoc

314 1758 415 1788 minus
428 1756 553 1796 'placet‚
598 1759 629 1784 et
654 1753 756 1782 minus
785 1753 873 1782 etiam
903 1752 1049 1782 Bocharti

315 1815 440 1850 etymon
466 1819 507 1838 ex
530 1807 611 1837 arab.
635 1805 679 1839 b&
703 1806 788 1855 Γὸβ
820 1795 954 1834 minister·
976 1804 1048 1843 Dei,

315 1861 466 1901 siquidem
477 1859 607 1889 Arabica
620 1857 838 1897 antiquissimis
852 1856 899 1886 his
914 1856 1050 1889 vocabu—

313 1914 352 1944 lis
365 1913 490 1943 nonnisi
506 1911 675 1941 cautissime
693 1909 862 1939 adhibenda
879 1914 961 1939 sunt.

275 1965 440 1997 Cadmus
463 1961 657 2005 (Κάδμος),
683 1962 732 1991 vir
746 1961 945 1999 Phoenicius,
963 1960 1050 1990 The-

314 2019 422 2049 barum
439 2017 580 2047 conditor
588 2038 598 2054 ‚
622 2015 660 2044 ad
676 2014 813 2044 fabulosa
826 2004 964 2054 tembora
977 2024 1050 2054 per-

313 2072 426 2101 tinens.
450 2069 570 2100 Herod.
594 2067 626 2105 4,
648 2069 721 2097 147.
769 2066 966 2107 (Respondet
987 2073 1052 2112 0373

315 2130 348 2154 et
362 2124 458 2154 oriens
473 2127 504 2152 et
516 2122 649 2162 priscum
666 2118 807 2160 tempus).
848 2119 855 2122 ’

276 2184 303 2216 C
307 2186 445 2222 anani,
471 2185 649 2215 Cananaeus
658 2204 667 2219 ,
691 2181 894 2220 Phoenicius,
925 2193 957 2212 v.
983 2183 1050 2212 Au-

316 2243 394 2278 gust.
420 2236 472 2278 (v.
486 2247 555 2277 pag.
580 2236 642 2265 340
657 2239 724 2264 not.
742 2233 819 2274 Μ’).

279 2281 429 2342 Capussa
439 2322 448 2337 ,
479 2299 559 2328 filius
590 2297 726 2328 Oesalcis
738 2319 747 2335 ,
785 2296 948 2326 Numidiae
972 2296 1052 2335 regis

317 2368 391 2398 Liv.
415 2370 476 2404 29,
499 2369 553 2397 29.
598 2365 683 2395 Num
701 2365 783 2395 forte
811 2370 857 2394 est
882 2368 950 2404 ssep
961 2343 1052 2414 ζ’)[ἑό

318 2454 434 2484 serpens
458 2441 574 2473 iaculus
596 2453 613 2471 a
633 2442 709 2471 saltu
721 2464 728 2477 ‚
760 2451 821 2481 quo
848 2451 880 2470 se
903 2440 1047 2480 proripit,

318 2495 440 2525 dictus?
476 2495 548 2524 Non
577 2495 714 2534 ineptum
744 2500 825 2523 certe
852 2493 911 2523 hoc
936 2503 1049 2522 nomen

318 2548 354 2577 ad
368 2548 545 2577 bellatorem
558 2557 628 2577 cum
642 2547 759 2587 impetu
774 2546 973 2576 adorientem.

280 2598 444 2630 Cartalo
482 2598 613 2640 (lustin.
638 2602 696 2636 18,
720 2598 760 2639 7)
798 2603 829 2628 et
859 2596 1048 2629 Carthalo

1156 333 1340 377 Καρθάλων
1381 335 1477 365 Diod.
1516 339 1556 366 23
1596 346 1674 376 Ρας-
1703 339 1777 367 330.
1823 338 1865 368 24
1877 360 1885 375 ‚

1157 392 1219 421 339
1254 389 1326 428 Bip.
1355 388 1467 428 Polyb.
1500 391 1531 426 1,
1564 390 1616 419 53.
1642 387 1695 418 4-4.
1726 388 1798 421 Liv.
1829 393 1884 427 22,

1157 444 1209 474 15.
1252 445 1305 479 25,
1346 444 1398 472 17.
1437 443 1490 478 27,
1523 443 1562 470 16
1601 451 1715 470 nomen
1750 441 1886 481 plurium

1155 495 1269 525 ducum
1311 494 1594 534 Carthaginensium
1611 516 1618 531 ,
1665 498 1748 523 recte
1781 494 1887 525 obser—

1155 553 1246 578 vante
1270 539 1444 576 Hamakero
1474 557 1507 586 p.
1536 546 1597 576 184
1622 546 1738 576 dictum
1765 551 1812 576 est
1829 557 1887 586 pro

1155 599 1236 643 75³5&
1252 599 1367 643 nffpbn
1393 598 1653 640 (abiecta'syllaba
1666 597 1770 639 Mil),
1794 598 1886 639 idque

1153 659 1256 683 tamen
1271 663 1335 682 non
1346 651 1535 682 reddendum
1545 651 1718 687 :Hercules
1733 652 1885 689 excelsus,

1156 706 1210 736 sed
1238 703 1385 735 Hercules
1413 702 1497 744 (est)
1528 715 1655 733 summus
1682 702 1794 744 (deus)
1805 726 1814 742 ‚
1851 709 1888 735 ut

1154 758 1226 801 §335³
1245 757 1359 788 Jehova
1381 755 1467 797 (est.)
1489 755 1587 794 Deus,
1617 759 1690 801 :tyn
1708 755 1821 786 Jehova
1842 762 1889 786 est

1153 819 1252 854 pater.
1298 810 1434 840 Similem
1456 809 1689 849 explicationem
1711 809 1771 839 iam
1786 809 1900 855 praei-x

1155 869 1243 895 verat
1266 862 1438 892 Bochartus
1463 860 1607 902 (Canaan
1627 862 1655 899 1,
1675 859 1733 902 34)
1768 859 1888 901 Garteja

1156 917 1273 946 dictum
1305 915 1480 946 existimans
1501 924 1558 954 pro
1580 913 1761 955 Melcarteja
1786 913 1889 954 (Her-

1157 967 1273 1007 culea).
1321 968 1372 998 cf.
1396 969 1425 1003 §.
1450 970 1490 998 17
1505 972 1584 997 extr.

1116 1019 1311 1057 Ghanebo,
1335 1020 1385 1050 vir
1399 1019 1656 1059 Carthagffiensis,
1678 1020 1771 1049 inser.
1792 1018 1886 1048 Grut.

1158 1071 1201 1114 (p.
1211 1071 1299 1112 396).
1319 1072 1519 1111 Contractum
1536 1083 1576 1102 ex
1585 1070 1736 1102 Chanehal
1749 1069 1888 1112 (5³:³17)

1156 1126 1178 1155 i.
1197 1135 1228 1164 q.
1243 1122 1403 1154 Hannibal
1424 1123 1482 1165 (ex
1495 1124 1561 1165 lege
1572 1124 1602 1162 fi.
1620 1123 1682 1164 23)
1691 1146 1701 1162 ,
1725 1124 1768 1154 cf.
1788 1122 1890 1153 Anni—

1157 1177 1270 1207 bonius.
1599 1190 1607 1198 ⁴
1869 1191 1875 1198 ·

1118 1228 1280 1260 Chelbes
1301 1225 1444 1269 Χελβῆς,
1469 1227 1564 1258 iudex
1581 1228 1760 1268 Tyriorum,
1777 1228 1840 1257 Jos.
1859 1237 1887 1256 c.

1156 1283 1219 1322 Ap.
1238 1285 1269 1319 1,
1285 1284 1337 1311 21.
1371 1281 1428 1310 Est
1441 1279 1505 1324 αξη
1529 1279 1619 1320 adeps
1627 1278 1639 1317 ,’
1662 1281 1744 1319 quod
1757 1280 1892 1310 refertur

1158 1335 1248 1364 etiam
1263 1334 1299 1364 ad
1316 1332 1406 1363 robur
1419 1333 1551 1362 militum
1570 1331 1623 1372 (cf.
1634 1330 1722 1362 hebr.
1733 1333 1859 1373 Ε’ξπμήη
1867 1330 1891 1372 ),

1158 1387 1231 1417 inde
1245 1397 1278 1416 11.
1295 1396 1343 1426 pr.
1356 1386 1473 1415 tribuni
1488 1385 1619 1414 militum
1634 1384 1764 1415 Davidis
1778 1373 1887 1416 2S'am.

1159 1442 1214 1478 23,
1235 1442 1288 1470 29.

1119 1490 1312 1523 Chinisdo
1324 1514 1333 1529 ‚
1349 1491 1433 1521 sufes
1448 1489 1569 1527 Carth„
1581 1489 1674 1519 Grut.
1695 1488 1740 1530 (p.
1750 1487 1837 1529 396).
1850 1495 1889 1530 71¹1

1160 1548 1212 1590 '733
1233 1545 1348 1575 donum
1363 1543 1518 1584 potentiae
1537 1543 1601 1572 eius
1618 1553 1661 1572 sc.
1681 1542 1800 1579 Baalis,
1829 1541 1891 1571 nisi

1158 1597 1240 1627 forte
1270 1602 1316 1626 est
1349 1607 1406 1637 pro
1441 1593 1596 1626 Chinisdal
1604 1617 1613 1633 ,
1657 1592 1895 1624 Chia-isd-hal

1161 1649 1275 1679 donum
1290 1649 1443 1689 potentiae
1463 1648 1573 1678 Baalis.

1118 1701 1222 1740 Χνᾶ,
1246 1712 1359 1731 nomen
1378 1702 1469 1741 primi
1484 1700 1658 1737 PhoeniciS,
1687 1698 1778 1729 Philo
1797 1699 1888 1738 Bybl.

1160 1764 1229 1794 pag.
1270 1754 1322 1784 40.
1384 1754 1510 1784 Rectius
1548 1752 1653 1792 steph.
1692 1752 1719 1781 B
1761 1773 1770 1782 .
1807 1749 1891 1790 Χνὰ,

1162 1804 1262 1842 οὕτως
1278 1802 1296 1845 ἦ
1310 1805 1437 1846 Φοινίκη
1453 1804 1599 1837 ἐκαλεῖτο.
1648 1807 1692 1833 Νι
1738 1809 1783 1833 est
1799 1809 1871 1845 ’,ἔῃ
1882 1825 1890 1840 ,

1158 1859 1277 1888 abiecto
1293 1869 1326 1888 n.
1822 1849 1823 1852 Ἴ
1864 1845 1870 1850 “

1112 1911 1179 1953 -Χρ
1188 1923 1207 1941 υ
1215 1909 1266 1942 ‹td›
1275 1922 1293 1951 ρ
1326 1910 1457 1941 Vulcani
1479 1920 1593 1940 nomen
1615 1909 1807 1939 Phoenicum
1830 1918 1890 1938 sec.

1160 1964 1324 1994 Philonem
1348 1963 1440 2003 Bybl.
1464 1973 1497 2003 p.
1523 1966 1563 1993 18
1591 1962 1690 1992 Orell.
1744 1961 1776 1990 Si
1800 1961 1892 1990 modo

1161 2016 1363 2047 Phoenicium
1373 2021 1429 2052 est,
1440 2026 1504 2045 non
1518 2016 1596 2044 male
1604 2014 1773 2044 Bochmus
1785 2024 1817 2053 p.
1830 2015 1892 2043 706

1162 2070 1326 2109 explicavit
1340 2068 1401 2101 Ἶ-Ἱή
1416 2069 1489 2111 115ῃῇ
1501 2066 1721 2109 πυριτεχνίτης.

1119 2120 1384 2162 Kobara-9315,
1423 2122 1495 2159 dea,
1534 2130 1610 2160 quae
1650 2120 1741 2149 etiam
1780 2114 1893 2157 Θουρῶ
1928 2143 1930 2145 μ

1165 2174 1273 2215 (rr-un
1296 2171 1368 2214 lex)
1395 2174 1544 2214 appellata
1564 2177 1628 2210 est,
1659 2170 1812 2210 Porphyr.
1841 2179 1890 2209 ap.

1161 2227 1276 2257 Euseb.
1291 2237 1324 2266 p.
1344 2227 1385 2255 42
1406 2225 1506 2255 Orell.
1532 2223 1544 2266 (
1554 2225 1606 2254 ubi
1620 2230 1720 2253 tamen
1736 2223 1814 2252 male
1833 2223 1893 2251 im-

1161 2289 1301 2319 pressum
1329 2274 1566 2319 Χροῦσαρθις).
1611 2275 1742 2306 Hamak.
1776 2278 1833 2305 171
1863 2274 1894 2303 id

1162 2332 1268 2361 scribit
1297 2333 1395 2375 Πᾌῇπ
1425 2339 1607 2369 congregans
1617 2350 1626 2365 ‚
1662 2328 1766 2357 malim
1795 2328 1892 2371 173123'17

1161 2384 1370 2424 coniungens,
1403 2384 1443 2412 cf.
1462 2379 1635 2420 Χούσωρος
1654 2390 1722 2420 pag.
1740 2383 1814 2410 395.

1119 2433 1299 2476 Κινύρας
1320 2447 1377 2466 rex
1398 2434 1548 2474 Cyprius,
1573 2433 1658 2473 Syria
1678 2433 1825 2462 oriundus
1851 2433 1890 2462 11.

1163 2492 1277 2527 11‚2o.
1294 2488 1397 2527 Apoll.
1408 2490 1439 2523 3,
1452 2487 1491 2516 14
1507 2485 1601 2527 (πῆξε,
1618 2486 1732 2524 cinyra,
1750 2484 1889 2525 cithara).

1122 2540 1358 2582 Gutzupitae
1380 2538 1512 2578 August.
1531 2538 1619 2578 epist.
1640 2539 1681 2567 52
1701 2542 1731 2566 et
1757 2535 1893 2568 Gutzu-

1160 2594 1290 2635 pitani
1325 2592 1368 2622 id.
1403 2591 1440 2621 de
1466 2591 1583 2620 unitate
1610 2589 1753 2619 ecclesiae
1782 2599 1848 2630 cap.
1873 2592 1892 2620 3
