2242 2976
443 266 658 302 thcmPT.
684 267 1144 302 PUNICO-NUMIDICAE.
1188 268 1309 302 LVIII.
1334 269 1560 303 NUMmtcA
1582 269 1759 305 TERTIA.
1845 275 1919 311 205

352 310 370 319 s

294 361 415 394 buntur
442 363 597 405 largiter.
648 361 735 400 Quid
765 364 899 402 mirum,
930 358 1151 395 Hamakerum
1182 365 1285 406 ipsum
1319 365 1412 408 (pag.
1439 366 1497 407 11)
1522 377 1636 398 nomen
1660 367 1745 405 dei,'
1764 367 1815 398 cui
1837 365 1918 408 lapis

292 426 498 451 consecratus
526 420 587 458 sit,
625 420 810 452 desiderare
845 426 877 451 et
905 419 1000 451 aliam
1039 421 1196 463 quandam
1233 422 1492 463 inscriptionem,
1527 434 1608 465 quae
1644 422 1728 455 hunc
1760 423 1916 455 defectum

292 474 455 517 suppleat,
490 477 524 508 in
546 477 691 508 eiusdem
714 475 831 519 lapidis
853 478 1019 508 cacumine
1042 477 1124 508 forte
1145 484 1309 509 exaratam
1332 476 1394 509 sibi
1417 478 1549 520 fingere.

419 546 449 575 2.
494 542 564 576 Nos
593 529 720 576 initium
751 544 835 576 tituli
862 546 927 577 iam
966 546 1127 587 copiosius
1150 546 1387 591 tractavimus,
1426 546 1605 589 Palaeogr.
1636 546 1777 579 Studien
1808 559 1836 590 p.
1867 550 1916 580 77.

290 597 436 642 Integer,
465 606 593 642 praeter
613 599 734 633 lineam
757 608 918 644 quartam,
951 611 1032 644 quae
1055 601 1095 633 ab
1119 602 1211 633 initio
1234 612 1348 634 manca
1369 608 1436 642 est,
1467 604 1511 634 ita
1533 602 1687 646 legendus
1711 611 1776 636 est:

839 681 874 721 ’ν
906 675 992 738 752³
1022 687 1097 736 772:
1128 675 1207 725 br:
1238 676 1340 739 77⁸5

948 759 1102 796 -nmn
1136 749 1216 810 ab?
1250 760 1340 794 razn

892 831 950 866 nr:
978 822 1011 865 ’3
1053 819 1196 870 bauan
1226 822 1279 869 ἰν-ι
1311 833 1339 867 rt

985 903 1203 938 :xv-«aaz...

465 984 632 1021 Domino
659 985 783 1022 Bauli
806 985 955 1030 Saturi,
999 986 1089 1033 regi
1110 992 1282 1031 aeterno,

464 1049 536 1098 qm'
558 1050 760 1086 exaudtbt’t
781 1062 890 1086 voces
915 1048 1116 1086 Ht'cmath-

464 1114 549 1150 ontis·
574 1120 613 1150 et
638 1114 742 1150 servi
764 1115 830 1150 tui
848 1114 1082 1151 Hz'cembalz's
1099 1115 1305 1165 praetoris

418 1189 526 1221 Prima
556 1188 695 1222 formula
724 1191 925 1232 inscriptioni
958 1197 1086 1221 nostrae
1109 1191 1183 1233 ,κύρ
1209 1214 1217 1222 .
1307 1191 1385 1235 rusb
1419 1201 1490 1222 cum
1514 1190 1716 1233 praecedenti
1741 1193 1918 1223 communis

290 1252 357 1282 est,
381 1256 560 1288 quanquam
581 1245 759 1278 litterarum
782 1247 905 1278 formae
929 1247 961 1277 in
985 1245 1046 1278 hae
1068 1247 1179 1279 rudius
1204 1254 1236 1278 et
1256 1246 1472 1290 negligentius
1496 1248 1592 1278 etiam
1615 1248 1735 1287 incisae
1758 1256 1849 1287 sunt,
1875 1250 1918 1279 ita

290 1307 325 1332 ut
344 1300 405 1332 hae
435 1303 505 1333 sine
534 1302 672 1334 aliorum
701 1309 981 1334 monumentorum
1012 1305 1251 1346 comparatione
1281 1304 1336 1335 vix
1367 1310 1453 1335 certa
1485 1305 1610 1334 ratione
1638 1303 1704 1346 legi
1727 1306 1916 1346 potuissent.

291 1356 469 1390 Habuisset
498 1359 615 1401 igitur,
641 1364 708 1402 'quo
731 1370 766 1390 se
789 1357 959 1391 excusaret
979 1358 1202 1399 Hamakerus,
1231 1361 1282 1392 cui
1304 1360 1460 1402 incogniti
1482 1367 1573 1390 erant
1594 1359 1717 1402 lapides
1740 1361 1802 1392 duo
1827 1371 1918 1402 prae-

292 1415 458 1446 cedentes:
498 1415 561 1446 nisi
591 1416 622 1446 ei
652 1415 692 1446 ad
724 1426 837 1447 manus
860 1415 975 1447 fuisset
997 1415 1107 1447 titulus
1130 1427 1268 1459 sequens
1291 1418 1366 1460 (no.
1390 1416 1472 1458 60),
1511 1417 1601 1447 cuius
1623 1416 1710 1447 linea
1731 1418 1842 1455 tertia,
1884 1423 1918 1447 ut

292 1470 488 1510 videbimus,
524 1473 635 1513 paucis
658 1473 787 1503 mutatis
810 1472 945 1503 eandem
968 1471 1137 1504 formulam
1162 1475 1313 1505 continet.

420 1537 487 1576 Qui
506 1538 591 1570 hunc
612 1537 752 1581 lapidem
770 1527 1013 1578 consecrarent,
1043 1540 1107 1571 duo
1129 1540 1259 1572 fuerunt
1287 1541 1346 1582 (cf.
1369 1539 1473 1572 Melit.
1497 1543 1525 1572 1.
1555 1538 1618 1571 Cit.
1642 1540 1691 1583 3).
1744 1539 1780 1571 In
1812 1542 1917 1582 priore

292 1596 420 1627 nomine
437 1601 586 1637 quattuor
601 1594 726 1626 litterae
742 1602 906 1627 extremae
921 1594 1027 1636 lineae
1042 1598 1201 1628 secundae
1217 1605 1292 1629 sunt
1307 1605 1405 1630 :77:227
1423 1597 1507 1635 (duo
1530 1597 1614 1627 enim
1639 1597 1751 1639 signa,
1782 1607 1916 1639 quorum

291 1652 451 1694 posterius
473 1652 506 1682 in
532 1650 680 1694 exemplo
695 1651 873 1683 Hamakeri
896 1651 978 1683 male
1002 1653 1119 1695 pictum
1143 1652 1227 1692 erat,
1257 1661 1331 1685 sunt
1356 1652 1476 1693 Chet)·
1498 1651 1555 1683 lin.
1571 1655 1590 1684 3
1606 1651 1660 1695 fig.
1676 1656 1690 1684 1
1716 1653 1771 1685 He
1792 1652 1917 1684 litterae

290 1707 455 1740 simillima
475 1714 540 1747 est,
572 1707 657 1739 unde
682 1709 789 1750 prodit
810 1716 930 1743 'annet-1
945 1710 968 1740 i.
986 1720 1013 1741 e.
1035 1717 1154 1743 :ammi-t
1170 1713 1339 1752 sapientia
1363 1709 1413 1741 vel
1435 1717 1572 1757 rii-27:2⁷7,
1596 1718 1716 1756 ,ξιῃηῡη
1740 1709 1799 1751 (cf.
1824 1718 1916 1743 ,ἾΝ33

291 1763 397 1806 Tugg.
412 1763 469 1795 lin.
485 1765 517 1806 5)
537 1767 706 1806 sapientia
721 1767 793 1796 eius·
815 1765 879 1807 (sc.
897 1764 1044 1807 Baalis),
1067 1745 1139 1798 coll.
1156 1774 1294 1808 &it-1³:378,
1320 1775 1394 1801 ΝῚΓΙ
1383 1767 1438 1815 ’ΞΝ
1453 1773 1484 1797 et
1500 1774 1526 1810 Τ·
1527 1775 1563 1811 :³2
1577 1776 1667 1807 quem
1682 1765 1846 1798 stabzffllwzt
1861 1767 1918 1800 vlle

291 1821 356 1862 (sc.
372 1820 500 1861 Deus):
531 1820 635 1851 forma
650 1820 813 1852 decurtata
827 1828 858 1852 et
873 1815 1015 1863 elliptica
1032 1822 1116 1854 idem
1135 1822 1322 1866 significans
1335 1824 1418 1865 quod
1438 1824 1615 1860 humum,
1646 1831 1678 1853 et
1695 1822 1808 1853 eodem
1822 1824 1917 1854 modo

291 1877 428 1908 fortasse
450 1875 640 1919 explicanda
661 1883 736 1908 sunt
760 1875 851 1919 plura
873 1879 1003 1909 uomina
1027 1880 1153 1921 propria
1175 1881 1209 1910 in
1233 1889 1251 1910 o
1274 1880 1443 1918 exeuntia,
1473 1886 1507 1910 ut
1530 1878 1640 1917 Dido,
1681 1878 1836 1910 claimed«,
1867 1879 1916 1920 (v.

290 1933 347 1966 nb,
364 1932 412 1964 1v
436 1944 463 1964 ο.
478 1933 530 1974 3).

420 2001 571 2044 Sequitur
605 2001 756 2036 banni-157
773 2023 783 2039 ,
829 2002 914 2044 quod
951 2001 1079 2044 plenius
1125 2002 1295 2046 legendum
1329 2004 1444 2038 53733Π
1483 2009 1582 2045 *57:2³7
1621 2007 1655 2034 et
1691 2012 1804 2034 rervm
1844 2007 1918 2034 tuus

291 2058 467 2099 Hiempeal
484 2058 508 2088 i.
526 2067 555 2090 e.
579 2061 614 2089 et
635 2067 697 2100 ego
722 2057 912 2100 Hiempsal,
947 2069 1008 2101 qua
1030 2058 1169 2091 formula
1190 2059 1243 2091 hic
1264 2069 1299 2091 se
1322 2059 1407 2092 tituli
1430 2066 1593 2091 auctorem
1616 2057 1783 2101 profitetur
1805 2059 1853 2100 (v.
1878 2060 1916 2090 ad

291 2113 397 2147 Melit.
419 2117 450 2153 1,
474 2125 506 2156 p.
519 2114 592 2154 98).
636 2113 672 2149 ln
696 2115 826 2146 nomine
847 2116 920 2157 ipso
944 2116 1098 2158 quaedam
1123 2115 1249 2148 litterae
1272 2117 1413 2148 incertae
1436 2123 1520 2148 sunt.
1565 2115 1601 2147 Si
1619 2123 1765 2147 accurate
1782 2117 1917 2157 scriptus

291 2177 377 2203 esset
405 2170 515 2202 titulus
542 2169 731 2213 litteraeque
760 2170 882 2203 similes
917 2171 1088 2214 diligenter
1120 2173 1310 2212 distinctae,
1348 2172 1520 2215 legendum
1552 2179 1653 2204 esset:
1693 2174 1824 2207 bna-nn.
1868 2171 1917 2202 vel

291 2229 423 2264 b5n2n3
445 2237 519 2258 nain
540 2222 682 2259 secunda
702 2226 806 2270 figura
823 2229 857 2259 in
880 2229 950 2270 ipso
971 2227 1078 2271 lapide
1093 2228 1270 2271 paullulum
1289 2229 1386 2261 dubia
1401 2237 1449 2261 est
1462 2231 1624 2272 possitque
1639 2227 1689 2260 vel
1710 2228 1802 2271 Caph
1815 2228 1915 2259 videri

292 2283 344 2316 vel
366 2283 491 2323 Revela,
532 2290 645 2325 quarta
675 2291 780 2315 autem
810 2283 929 2316 Daleth
962 2283 1088 2316 litterae
1116 2284 1253 2317 similior
1282 2296 1377 2328 quam
1400 2284 1500 2317 Beth:
1540 2296 1720 2328 quanquam
1745 2293 1776 2316 et
1798 2283 1915 2315 Daleth

292 2347 325 2372 et
346 2340 429 2372 Beth
451 2351 548 2382 snpra
570 2339 627 2371 lin.
651 2344 666 2372 1
700 2340 793 2372 aliter
814 2348 847 2372 et
869 2340 1086 2384 negligentius
1113 2343 1217 2383 pictae
1250 2349 1389 2376 exstant.
1432 2341 1496 2374 Sed
1519 2344 1552 2374 in
1577 2351 1666 2374 tanta
1690 2342 1915 2374 statuariorum

292 2396 495 2439 indiligentia
516 2404 548 2428 et
562 2398 711 2429 socordia
724 2405 851 2439 etymon
866 2405 899 2429 et
913 2399 1077 2430 nominum
1092 2400 1294 2440 propriorum
1311 2398 1447 2431 formam
1463 2398 1592 2431 aliunde
1609 2407 1717 2431 notam
1735 2397 1912 2434 consulere,

294 2463 387 2495 quam
413 2454 448 2485 in
476 2452 654 2485 litterarum
677 2453 783 2496 figura
805 2455 1019 2486 examinanda
1041 2456 1138 2495 anxie
1160 2454 1294 2487 haerere
1316 2457 1417 2488 satius
1438 2456 1537 2495 duxi,
1567 2466 1700 2499 eumque
1723 2455 1764 2486 ob
1787 2462 1915 2485 causam

293 2509 407 2543 baum-i
430 2511 535 2551 potius
557 2520 651 2552 quam
674 2511 787 2545 §vnn
808 2510 917 2553 legere
938 2512 1036 2543 suasi.
1082 2512 1257 2544 Posteriori
1279 2512 1459 2555 Hiempsali
1482 2513 1609 2545 additur
1631 2521 1720 2550 333,
1754 2510 1835 2553 quod
1859 2518 1914 2551 per

293 2566 515 2607 compendium
538 2568 690 2609 scriptum
715 2578 831 2599 censeo
853 2578 911 2610 pro
932 2576 997 2602 nm:
1022 2569 1084 2603 by:
1107 2569 1254 2601 dommac
1269 2570 1420 2601 mandati
1440 2570 1461 2601 i.
1478 2580 1506 2600 e.
1521 2569 1700 2611 praefectus
1718 2566 1913 2609 provinciae,

294 2631 357 2662 quo
380 2619 471 2656 titulo
492 2622 657 2655 Samariae
682 2624 858 2666 praefectus
882 2632 1013 2658 ornatur
1034 2625 1108 2658 Esr.
1123 2630 1156 2665 4,
1173 2629 1203 2658 8.
1221 2629 1252 2658 9.
1271 2629 1322 2657 17.
