2242 2976
362 264 434 300 122
482 259 615 294 LIBER
629 254 874 292 SECUNDUS.
906 254 1247 291 INSCRIPTIONES
1260 254 1538 289 moment..
1574 255 1722 290 CAPUT
1737 254 1957 289 TERTIUM.

362 355 483 398 Gratyl.
506 366 536 397 p.
551 355 615 385 426
628 351 664 385 C.
684 355 748 385 437
764 351 830 395 Β),
866 349 952 382 unde
972 349 1068 382 facile
1090 348 1243 393 colligas,
1279 360 1350 382 eam
1372 358 1600 394 nonnunquam
1622 348 1911 393 sonumhabuisse
1930 327 1979 382 illi

362 411 560 455 diphthongo
582 410 744 447 vicinum,
779 407 822 440 cf·
845 407 940 449 urm
961 407 1030 439 dor.
1053 406 1150 449 λέγεν,
1174 405 1245 448 ἔαρ,
1265 405 1331 450 εἶαρ
1353 406 1395 439 al.

846 617 1096 653 CAPUT
1141 616 1501 652 TERTIUM.

570 700 1243 738 INSCRIPTIONES
1303 698 1774 738 CITIENSES.
1964 743 1981 773 ἰ

1941 753 1966 770 Μ’

494 804 615 837 Citium
638 804 788 846 (Κίτιον,
820 805 925 837 rarius
946 805 1074 837 Kirrwv
1096 811 1128 836 et
1149 805 1182 836 in
1206 803 1298 837 libris
1320 815 1396 838 mss.
1415 806 1534 848 passim
1557 805 1694 846 Κῆτιον,
1728 813 1759 836 v·
1790 802 1917 836 Duker.
1932 801 1985 836 111

364 860 511 902 Thucyd.
536 864 572 900 1,
600 864 670 893 112.
708 860 865 892 Staveren
896 860 936 892 ad
968 859 1084 903 Nepot.
1107 860 1187 893 Cim.
1208 862 1250 900 3)
1279 862 1312 893 ἰιι
1345 860 1549 894 meridionali
1577 860 1675 904 Cypri
1703 871 1761 893 ora
1790 858 1986 906 ducentis-d

365 917 527 953 Salamine
549 918 663 949 stadiis
693 915 813 958 (Diod.
836 919 888 955 20,
906 916 949 958 4)
977 918 1041 949 sita
1062 924 1149 956 erat,
1186 917 1243 950 ubi
1273 928 1359 950 nunc
1382 917 1495 952 Cloielt'
1515 929 1543 951 s.
1571 917 1730 956 Techcm,
1766 916 1851 949 haud
1875 911 1985 958 procul

364 984 384 1005 a
405 973 545 1009 Larnica
566 985 595 1006 s.
615 973 772 1012 Lernaea.
815 973 909 1006 Licet
930 983 993 1006 non
1018 983 1153 1016 magnae
1175 972 1271 1005 molis
1293 973 1371 1006 urbs
1393 981 1478 1006 esset
1506 975 1683 1016 (πολίχνιον
1707 966 1848 1017 appellat
1868 971 1985 1004 Suidu

365 1040 395 1062 v.
419 1029 532 1071 Ζήνων
553 1028 713 1070 Κιτιεύς),
748 1036 854 1062 tamen
878 1030 1092 1062 munitissima
1104 1035 1174 1060 erat
1194 1028 1362 1071 (Thucyd.
1378 1033 1408 1069 1,
1423 1029 1523 1071 112),
1544 1037 1649 1072 portu,
1672 1031 1727 1073 qui
1743 1028 1847 1061 claudi
1863 1033 1987 1071 poterat

366 1085 506 1126 (Strabo
528 1086 610 1119 XIV
629 1097 657 1128 p.
674 1088 736 1119 683
759 1084 941 1127 casaub),
963 1092 1058 1128 atque
1079 1084 1193 1120 salinis
1215 1084 1336 1123 nobilis
1357 1085 1458 1128 (Plin.
1476 1089 1529 1126 31,
1545 1089 1576 1119 7.
1604 1085 1756 1129 Antigon.
1771 1084 1892 1126 Caryst.
1912 1082 1986 1116 hist.

366 1142 481 1175 inirah.
504 1153 530 1174 c.
549 1142 647 1181 173):
675 1141 885 1184 complurium
908 1142 1074 1174 doctorum
1096 1142 1283 1182 hominum,
1312 1141 1412 1174 veluti
1433 1141 1574 1175 Zenonis
1597 1141 1797 1184 philosophi,
1822 1138 1988 1182 Apollonii

365 1198 498 1237 medici,
520 1199 623 1240 patria
645 1197 784 1239 (Strabo
806 1197 828 1229 l.
844 1209 871 1230 c.
888 1197 985 1241 Diog.
1002 1198 1109 1230 Laert.
1125 1200 1181 1230 vit.
1197 1198 1276 1230 zen.
1290 1205 1362 1241 post
1378 1199 1476 1239 init.)-
1520 1197 1716 1229 Phoenicum
1741 1207 1812 1228 eam
1827 1194 1988 1234 coloniam

364 1254 485 1294 fuisse,
508 1255 679 1286 recentiori
700 1254 782 1286 adeo
804 1261 908 1286 aetate
931 1265 951 1285 a
972 1254 1187 1287 Phoenicibus
1210 1254 1384 1296 habitatam
1403 1262 1470 1287 turn
1492 1253 1556 1286 alia
1577 1253 1678 1286 multa
1699 1259 1870 1291 testantur,
1899 1249 1988 1283 velut

365 1310 590 1354 inscriptiones
612 1309 799 1354 phoeniciae
822 1310 868 1343 ibi
891 1318 1054 1353 repertae,
1090 1318 1155 1343 tum
1181 1318 1365 1344 constanter
1386 1311 1560 1343 memoriae
1589 1309 1719 1342 tradunt
1742 1316 1866 1341 veteres
1894 1306 1987 1361 (Cic.

366 1366 406 1398 de
427 1365 484 1398 fin.
508 1370 540 1406 4,
567 1368 623 1398 20.
648 1371 768 1410 portea
791 1371 866 1398 tutae
887 1368 945 1398 ille
967 1368 1133 1400 Poenulus
1152 1385 1196 1393 —-
1217 1371 1282 1400 ecio
1299 1370 1383 1400 enin
1400 1367 1544 1407 caseon,
1567 1367 1704 1399 clientes
1718 1370 1790 1398 tum
1804 1355 1988 1398 Phoeni-‘cta

362 1422 532 1465 profectos
560 1421 618 1454 rel.
650 1422 745 1467 Diog.
768 1423 876 1455 Laert
906 1422 965 1455 lib.
988 1426 1008 1455 7
1039 1425 1096 1456 vit.
1127 1423 1206 1456 zen.
1235 1423 1360 1462 Κιτιεύς
1386 1423 1447 1456 ἀπὸ
1472 1423 1620 1466 Κύπρου,
1658 1423 1849 1463 πολίσματος
1874 1402 1989 1469 Ἔλλη-

366 1482 470 1518 νικοῧ,
509 1479 657 1515 Φοίνικας
679 1478 1017 1522 ἐποίκουςέἶσχηκότος.
1055 1479 1145 1512 Suid.
1167 1481 1200 1512 in
1223 1480 1353 1523 Ζήνων.-
1383 1482 1492 1518 Φοῒνιξ
1513 1479 1545 1512 δ’
1571 1479 1747 1521 ἐπεκλήθη,
1777 1478 1825 1511 ὅτι
1848 1479 1988 1516 Φοίνικες

367 1533 482 1567 ἔποικοι
508 1537 563 1566 τοῦ
591 1536 748 1574 πολιχνίου
777 1535 949 1578 ἐγένοντο),
984 1543 1019 1567 ut
1042 1537 1120 1567 satis
1140 1537 1249 1568 mirari
1278 1548 1341 1568 non
1367 1538 1490 1579 possis,
1520 1535 1724 1568 Mannertum
1753 1533 1988 1578 (Geogmpht’o

368 1590 427 1623 der
451 1589 615 1622 Gru'eclten
637 1591 705 1622 und
724 1590 845 1623 Bauer
866 1590 927 1631 vl,
953 1594 967 1623 1
992 1603 1022 1633 p.
1042 1591 1124 1633 578)
1151 1590 1247 1623 fidem
1270 1599 1413 1624 veterum
1435 1593 1611 1635 infringere
1633 1591 1723 1624 nulla
1743 1582 1808 1623 alia
1829 1591 1869 1623 de
1891 1600 1988 1623 causa

368 1657 463 1690 quam
485 1647 569 1690 quod
591 1645 716 1689 plures,
753 1654 787 1678 ut
809 1647 967 1686 diximus,
988 1647 1117 1687 Graeci
1139 1649 1255 1680 eruditi
1280 1648 1326 1680 ibi
1349 1650 1414 1680 nati
1436 1650 1511 1680 sint.
1554 1648 1623 1680 lmo
1653 1658 1858 1691 permagnam
1886 1647 1988 1679 fuisse

369 1701 582 1734 Citiensium‘
574 1713 606 1734 ιιι
623 1709 709 1734 terra
724 1710 868 1735 materna
882 1705 1120 1743 auctoritatem,
1152 1690 1203 1736 vel
1217 1715 1258 1736 ex
1271 1715 1310 1736 eo
1324 1711 1474 1748 apparet,
1502 1705 1586 1748 quod
1607 1705 1701 1736 huius
1716 1704 1804 1737 urbis
1819 1705 1989 1747 gentisque
2056 1716 2070 1728 =

369 1769 439 1790 eam
453 1757 625 1794 habitantis
640 1769 757 1791 nomen
774 1765 851 1802 tna-³2,
876 1759 1347 1803 (KaarwtogMenandAEpt-es.
1368 1771 1419 1804 ap.
1442 1760 1673 1800 Jos.Arch.9,
1692 1764 1732 1793 14
1751 1763 1780 1800 §-
1796 1761 1834 1803 1)
1857 1760 1897 1792 ad
1920 1760 1990 1809 ιιιῐιί·νἲ

371 1825 479 1846 versos
500 1813 636 1857 Cyprios
658 1814 845 1847 translatum
862 1823 910 1848 est
931 1817 983 1856 (v.
999 1817 1038 1848 ad
1053 1815 1173 1848 Athen.
1188 1820 1207 1849 2
1223 1823 1303 1849 extr.
1312 1817 1337 1860 ).
1382 1815 1533 1849 Ceterum
1554 1828 1709 1860 nusquam
1732 1817 1861 1849 disertis
1882 1815 1989 1855 verbis

369 1872 522 1909 traditur,
552 1881 571 1901 a
592 1868 701 1911 Tyriis
724 1872 835 1903 urbem
853 1872 1013 1904 conditam
1029 1883 1110 1905 esse.
1155 1872 1326 1916 Colligitur
1343 1874 1374 1906 id
1392 1873 1519 1917 quidem
1535 1872 1631 1916 vulgo
1646 1884 1687 1906 ex
1703 1884 1798 1906 versu
1811 1864 1990 1905 Alexandri

369 1916 502 1975 Ephesii
525 1927 606 1968 apud
631 1926 741 1968 steph.
764 1927 843 1970 Byz.
869 1939 899 1960 v-
920 1927 1106 1970 Λάηηθοςτ
1128 1928 1234 1971 Βήλου
1257 1928 1288 1961 δ’
1314 1943 1353 1962 av
1375 1929 1484 1962 Κιτιόν
1505 1941 1537 1961 τε
1559 1942 1608 1961 και
1632 1928 1796 1970 ιμερόεσσα
1815 1928 1990 1971 Λάπηθος,

370 1982 424 2015 ubi
435 1984 464 2015 B
467 1982 620 2024 ἡλουΚίι
582 1995 620 2014 ιιι-
624 1995 658 2014 ov
672 1984 919 2026 interpretantur
927 1983 1047 2017 Citium
1062 1988 1223 2018 conditum
1237 1997 1255 2018 a
1269 1984 1360 2024 Belo,
1375 1985 1512 2017 Didonis
1527 1992 1558 2017 et
1568 1985 1784 2028 Pygmalionis
1798 1993 1898 2028 patre,
1913 1994 1990 2028 rege

370 2036 449 2080 Tyri
474 2050 575 2082 paene
600 2038 764 2071 fabuloso:
790 2040 846 2071 sed
865 2042 968 2082 Βῆλος
982 2043 1086 2083 potius
1099 2043 1160 2077 bx:
1173 2052 1245 2073 esse
1261 2042 1402 2081 videtur,
1426 2053 1543 2073 numen
1560 2041 1755 2074 Phoenicum
1769 2042 1988 2081 domesticum,

370 2095 414 2126 ita
437 2102 471 2129 ut
494 2093 572 2126 Beli·
591 2095 711 2127 Camenam
735 2097 777 2128 sit
791 2094 909 2127 Citium
925 2095 1000 2128 huic
1015 2108 1137 2129 numlnt
1150 2109 1287 2130 sacrum
1319 2097 1370 2129 Ex
1384 2097 1516 2130 forma
1503 2108 1566 2133 nn
1583 2099 1681 2142 (ιι-ιη)
1697 2096 1883 2129 Cit.331in.
1899 2099 1936 2136 5,
1959 2098 1988 2128 Si

371 2151 467 2183 modo
490 2150 569 2182 haec
591 2151 675 2183 idem
696 2149 781 2184 valet
801 2153 884 2195 quod
905 2161 960 2186 nn
983 2153 995 2194 (
1002 2153 1096 2196 ηε),
1126 2155 1230 2196 potius
1251 2155 1467 2187 coniecturam
1487 2166 1599 2198 capere
1615 2156 1737 2197 possit,
1759 2162 1792 2188 n
1794 2138 1839 2196 ι’,ιέ
1853 2153 1989 2191 fortune

372 2207 545 2249 antiquitus
567 2208 695 2239 eosdem
718 2219 788 2240 esse
811 2215 904 2251 atque
924 2217 942 2243 n
944 2218 1022 2251 QQ,
1053 2209 1169 2242 tribum
1192 2211 1422 2243 canaaniticam
1439 2222 1482 2243 ex
1498 2209 1540 2243 V.
1558 2209 1599 2243 T.
1615 2211 1823 2244 notissimam.
1866 2208 1988 2242 Citieos

373 2271 477 2295 autem
494 2262 574 2305 Tyri
597 2264 727 2306 regibus
750 2264 827 2295 olim
847 2267 1008 2307 paruisse,
1032 2273 1161 2309 apparet
1174 2277 1215 2298 ex
1231 2268 1412 2298 narratione
1428 2266 1599 2299 Menandri
1616 2266 1748 2310 Ephesii
1761 2266 1844 2308 apud
1859 2266 1989 2309 Joseph.

372 2318 396 2353 l.
412 2330 456 2358 c.‚
486 2330 548 2362 qua
561 2318 729 2359 Elulaeus,
752 2319 923 2361 Tyriorum
941 2333 1016 2360 rex,
1040 2322 1292 2355 Salmanassaris
1306 2314 1447 2365 aequalis
1457 2345 1466 2362 ,
1493 2323 1662 2362 Citiaeos,
1675 2324 1728 2365 qni
1741 2333 1760 2353 a
1773 2321 1883 2364 Tyriis
1899 2323 1989 2364 defe-

373 2383 500 2415 cerant,
538 2377 651 2407 ditioni
673 2386 750 2408 suae
773 2377 878 2407 denuo
900 2378 1076 2410 subiecisse
1098 2379 1209 2411 fertur.
1253 2379 1323 2411 Sub
1334 2380 1448 2411 eadem
1463 2380 1583 2412 ditione
1595 2381 1692 2412 etiam
1707 2386 1818 2421 postea
1833 2381 1989 2413 mansisse

373 2431 519 2464 vitientur
540 2442 641 2475 usque
663 2433 703 2464 ad
724 2432 878 2471 Amasin,
911 2433 1049 2476 Aegypti
1071 2446 1196 2477 regem,
1233 2437 1285 2478 qui
1309 2436 1491 2468 universam
1515 2432 1654 2478 Cyprum
1675 2434 1841 2477 subegisse
1863 2424 1990 2479 sibique

374 2487 572 2520 tributariam
592 2487 710 2520 fecisse
732 2490 866 2521 traditur
889 2489 1032 2532 (Herod.
1059 2494 1095 2530 2,
1120 2493 1212 2532 182).
1262 2491 1328 2523 Sub
1351 2491 1519 2524 Persarum
1535 2492 1708 2533 ‘imperium
1732 2493 1852 2524 redacti
1874 2500 1951 2525 sunt
1969 2500 1991 2526 ι’

376 2543 537 2586 Cambysu
567 2544 774 2585 (Hero-isi),
796 2548 857 2585 91,
893 2546 933 2578 de
961 2545 1189 2588 Xenophontis
1219 2549 1305 2579 enirn
1334 2547 1399 2580 fide
1429 2546 1606 2586 dubitatur,
1643 2549 1697 2590 qui
1723 2548 1784 2590 ipsi
1813 2548 1899 2591 Cyro
1926 2549 1992 2582 hoe

377 2600 487 2632 tribuit
514 2599 692 2644 Cyropaed.
722 2605 760 2642 1,
785 2605 800 2634 1
825 2604 854 2641 §-
882 2607 905 2634 4
922 2613 926 2616 ’
944 2602 985 2635 cf.
1012 2602 1187 2636 Marsham.
1215 2614 1286 2636 can.
1312 2603 1423 2638 chron.
1451 2614 1480 2646 p.
1504 2604 1585 2646 588)
1613 2611 1645 2636 et
1666 2615 1760 2647 quum
1783 2605 1988 2644 defecissent,
