2242 2976
402 257 478 294 446
1007 251 1237 286 Arrummx
1277 246 1426 286 mum}
1442 270 1446 274 -

407 350 566 394 quomodo
587 348 668 379 haec
689 346 795 389 figura
817 354 889 378 orta
910 347 954 378 sit
974 356 1017 378 ex
1039 357 1095 386 ea,
1122 357 1204 391 quae
1226 345 1364 380 habemr
1384 349 1482 382 inser.
1502 347 1626 392 Tripol.
1646 352 1684 388 2,
1707 353 1728 382 2
1755 357 1788 381 et
1804 349 1926 386 Athen.
1948 356 1978 391 1,
2004 356 2031 384 1.

406 407 517 440 Altera
539 413 640 447 eaque
663 404 766 446 tnagis
790 402 889 435 dubia
913 410 963 435 est
986 402 1054 443 vl,
1089 402 1147 436 lin.
1173 407 1190 436 1
1204 427 1213 443 ‚
1239 407 1290 436 11.
1318 403 1378 437 lin.
1399 409 1440 444 4,
1463 408 1503 445 8,
1538 406 1629 438 cuins
1651 412 1843 448 potestatem
1865 417 1967 451 neque
1989 419 2031 441 ex

405 464 508 506 figura
532 470 635 503 neque
657 470 699 491 ex
722 466 875 492 contextu
897 467 985 492 certo
1008 459 1155 492 definias.
1198 460 1247 492 Ae
1272 459 1376 504 figura
1398 462 1526 504 quidem
1548 469 1615 494 tum
1637 461 1724 495 Beth
1744 463 1795 505 (v.
1815 461 1874 500 lib.
1895 462 1912 495 1
1937 465 1967 504 '-
1990 467 2030 497 ¹4

404 531 454 551 no.
482 522 540 559 18)
571 523 637 548 tum
667 515 739 548 Plte
767 515 893 548 litterae
927 516 993 559 (ib.
1015 519 1044 556 §-
1067 520 1108 549 28
1134 527 1186 549 no.
1209 518 1248 559 2)
1277 517 1393 550 similis
1415 525 1480 550 est:
1510 517 1550 550 ab
1573 525 1706 562 utraque
1728 526 1834 551 tamen
1855 518 2030 562 paullulu-

403 574 527 612 differt,
566 574 618 604 cui
647 573 770 605 accedit
800 573 884 616 quod
913 572 996 605 Beth
1033 581 1200 616 praeterea
1230 580 1279 606 ter
1307 573 1433 618 vulgari
1461 586 1521 607 sua
1549 574 1654 618 figura
1692 577 1829 618 capitata
1852 580 2031 619 rumperet:

403 630 582 663 Contextus
607 640 731 672 quoque
755 640 851 672 quum
873 630 907 661 in
930 636 1066 673 utroque
1087 629 1159 662 loco
1183 630 1350 663 obscurior
1371 633 1432 671 sit,
1470 642 1535 664 non
1565 631 1705 671 definio,
1740 639 1845 664 utrum
1868 631 1956 666 Beth
1976 634 2031 675 nit,

403 699 443 720 an
473 687 555 719 forte
585 687 680 718 etiam
717 686 802 725 Van,
845 686 929 729 quod
962 684 1130 729 utrobique
1161 697 1225 719 non
1258 688 1400 730 ineptum
1428 687 1536 720 fuerit.
1565 707 1608 714 —
1650 687 1686 720 In
1707 687 1842 732 reliquis
1864 687 2032 722 elementis

403 743 483 776 nihil
520 743 588 775 sere
626 750 805 775 memoratu
840 742 973 785 dignum
1009 749 1071 775 est.
1137 742 1267 776 Laned
1300 742 1427 776 litterae
1465 750 1530 777 tres
1557 742 1683 788 figurae
1717 754 1923 790 comparent3
1968 757 2032 780 uua

402 801 569 833 notissima
591 810 689 842 supra
710 798 828 831 lineam
852 800 998 831 eminens
1019 798 1080 839 vl,
1101 798 1157 831 lie.
1185 803 1214 839 1,
1238 803 1271 833 9.
1300 799 1357 832 lin.
1379 805 1412 839 4,
1437 804 1453 833 1
1477 800 1538 843 (cf.
1560 812 1634 845 pag.
1661 804 1742 844 18),
1769 801 1846 842 Vll,
1869 802 1926 836 lin.
1949 806 1980 836 1.
1997 805 2029 837 9.

404 860 459 895 15;
496 856 638 889 secunda
667 855 752 895 vu,
785 854 841 887 lin.
866 859 908 894 2,
930 858 951 902 ,3
984 855 1047 898 (cf.
1073 855 1202 889 Numid.
1223 859 1266 895 4,
1291 856 1351 899 1);
1389 858 1502 896 tertie,
1538 859 1628 890 cuius
1657 857 1764 901 figura
1793 869 1858 892 non
1881 859 1991 893 differt
2010 869 2032 893 ι

405 914 500 953 Nun,
530 912 589 952 vl,
612 915 644 952 ³,
667 916 697 946 9.
729 915 761 952 5,
783 915 816 944 6.
848 911 924 952 Vll,
948 916 979 952 2,
1002 915 1041 950 93
1073 923 1156 955 quae
1177 914 1309 946 eaedem
1331 915 1427 946 etiem
1450 914 1484 946 in
1507 912 1638 947 Numid.
1661 917 1758 947 1—4
1785 917 1998 959 reperiuntur.

529 973 559 1003 3.
605 969 733 1011 Quibus
762 970 808 1001 its
834 970 1043 1012 praemunitis
1073 970 1113 1002 ad
1145 969 1228 1002 tituli
1257 974 1350 1003 sexto·
1377 971 1673 1013 interpretationem
1695 971 1903 1012 accedemus,
1933 982 2030 1017 quen

401 1031 446 1060 ita
469 1029 638 1060 instituere
661 1026 784 1069 placet,
816 1033 852 1058 ut
872 1027 1000 1068 eeptimi
1029 1025 1146 1069 lapidis
1168 1026 1322 1059 formulas
1344 1025 1562 1068 παραλλήλους
1583 1026 1680 1059 simul
1702 1034 1886 1061 tractemus.

467 1079 470 1082 ’
530 1083 578 1116 Ac
596 1093 720 1121 novem
743 1084 863 1126 primae
885 1084 1051 1124 utriusque
1072 1081 1189 1124 lapidis
1211 1081 1337 1114 litterae
1358 1082 1488 1114 eaedem
1512 1089 1603 1115 sunt:
1627 1083 1839 1124 hinnituum,
1860 1070 1925 1118 uisi
1944 1086 2031 1130 quod

402 1144 434 1174 in
459 1143 596 1184 septimo
618 1145 730 1183 quarta
751 1146 783 1170 et
805 1139 917 1181 quinta
946 1139 1161 1180 transpositae
1183 1145 1276 1177 sunt,
1310 1137 1451 1174 huncfiu
1473 1137 1623 1171 modum:
1647 1139 1860 1181 bwnuetswn,
1881 1152 1964 1185 queo
1984 1143 2032 1176 ita

400 1199 546 1240 dispesco
567 1203 599 1227 et
619 1197 830 1238 interpretor:
862 1195 910 1228 b&
933 1202 970 1237 ³³
991 1192 1021 1226 ‘s
1042 1193 1076 1228 ’κ
1100 1201 1159 1237 7³¹³
1184 1192 1354 1233 consonus
1375 1198 1426 1226 eut
1447 1194 1567 1239 (ub),
1590 1205 1611 1226 ο
1633 1195 1779 1237 domine,
1807 1207 1924 1231 servae
1941 1202 2040 1239 mun„

394 1254 494 1293 filius
523 1256 579 1293 τῆς
596 1272 714 1288 ......
751 1248 818 1281 vel:
849 1249 1000 1289 confodit
1031 1250 1135 1297 (ἵξις)
1158 1261 1271 1283 emur
1299 1254 1374 1283 tenu
1391 1250 1507 1290 ,filiun
1529 1254 1587 1293 τῆς
1613 1275 1641 1284 ..
1658 1275 1689 1284 ..
1720 1253 1753 1284 in
1776 1264 1831 1286 no.
1855 1253 1920 1287 VII
1947 1253 2037 1295 ἀἴθ’

401 1320 513 1343 κνοω
534 1313 628 1346 tuus,
659 1307 805 1347 domine,
842 1307 927 1349 quod
950 1306 991 1339 ab
1014 1305 1071 1340 illo
1093 1318 1157 1339 non
1180 1307 1299 1340 differt.
1352 1306 1459 1346 Quum
1482 1307 1630 1340 vocabuli
1652 1318 1713 1351 μυ
1737 1308 1864 1342 litterae
1887 1312 2030 1345 certissi—

402 1377 471 1398 mae
500 1366 583 1403 sint,
622 1364 662 1396 de
693 1358 765 1395 sola
795 1370 952 1406 potestate
971 1363 1064 1396 verbi
1087 1364 1304 1407 quaerendum
1327 1371 1394 1404 est,
1428 1375 1510 1408 qnae
1539 1375 1603 1397 non
1627 1364 1694 1399 alia
1713 1377 1785 1399 esse
1807 1374 1914 1410 potent
1935 1378 2037 1412 quum·

401 1420 649 1462 transfodiendt'
683 1419 770 1461 (Jes.
797 1423 855 1459 14,
880 1423 937 1452 19:
976 1429 1045 1467 :²713
1074 1425 1169 1470 ’ἕως
1208 1420 1321 1454 Lxx.
1352 1421 1595 1463 ἒκκεκεπημένοι
1623 1424 1809 1468 μαχαίραις)
1847 1425 1868 1456 i.
1891 1436 1922 1468 q.
1952 1425 2032 1477 υώ
2061 1450 2065 1459 .

401 1482 543 1514 confodit
558 1479 665 1512 hasta:
688 1478 789 1512 altera
805 1481 891 1512 enim
907 1480 1071 1513 onerando·
1093 1480 1199 1521 (Gen.
1212 1484 1267 1520 45,
1286 1482 1339 1522 17)
1359 1481 1400 1513 ab
1414 1481 1475 1513 hoc
1490 1493 1638 1515 sermone
1655 1494 1786 1526 prorsus
1799 1483 1906 1517 aliena
1920 1484 2028 1519 fuecit.

401 1539 499 1581 Atqui
522 1536 756 1570 transfodiendi
779 1536 910 1568 verbum
934 1537 975 1569 ad
997 1536 1161 1570 hominem
1183 1538 1297 1570 referri
1320 1545 1424 1580 potest
1445 1537 1496 1570 vel
1519 1539 1551 1570 in
1575 1538 1662 1572 bello
1680 1540 1865 1573 confossum
1888 1540 1940 1574 vel
1955 1540 2030 1579 dib,

404 1595 542 1627 maxime
563 1593 722 1632 Saturno,
757 1599 928 1626 mactatum
951 1600 984 1625 et
1004 1593 1239 1633 sacrificatum,
1281 1595 1461 1627 cuiusmodi
1482 1594 1643 1628 sacrificia
1665 1596 1806 1629 humana
1826 1597 1967 1629 maximo
1987 1597 2033 1629 ad

402 1650 661 1683 averruncandae
679 1649 876 1682 calamitates
891 1649 1035 1693 publicas
1051 1652 1197 1683 instituta
1209 1651 1292 1694 apud
1308 1650 1451 1690 Poenos,
1473 1651 1556 1683 adeo
1571 1651 1631 1685 nub
1648 1651 1866 1686 Romanorum
1879 1654 2029 1697 impello,

403 1708 443 1740 ad
473 1707 675 1740 Hadrianum
705 1717 805 1749 usque
826 1707 1016 1750 perdurasse
1040 1715 1166 1740 constat
1192 1708 1242 1749 (v.
1266 1706 1364 1740 Diod.
1387 1710 1441 1746 20,
1465 1711 1516 1740 14.
1547 1707 1700 1752 Porphyr.
1723 1709 1763 1742 de
1785 1708 1903 1742 abstin-
1918 1712 1954 1750 2,
1975 1711 2050 1744 86.-

402 1764 505 1798 Cleru.
528 1762 624 1796 Alex.
647 1770 800 1806 protrept.
823 1774 855 1806 p.
878 1766 919 1796 27
942 1762 1033 1805 Sylb.
1064 1763 1247 1797 Eusebsde
1268 1767 1376 1806 praep.
1399 1774 1513 1807 evang.
1535 1768 1568 1803 4,
1592 1767 1644 1797 16.
1672 1765 1820 1799 Lactant.
1842 1767 1941 1799 instit.
1962 1765 2030 1799 div.

404 1825 434 1859 1,
458 1825 510 1853 21.
542 1824 573 1859 5,
599 1824 639 1853 10
675 1820 714 1852 cf.
739 1819 868 1852 Miinter
890 1818 961 1852 Rel-
984 1820 1040 1855 der
1063 1819 1242 1864 Carthager
1265 1832 1292 1863 p.
1317 1823 1356 1853 17
1378 1819 1482 1863 sqq.).
1526 1819 1599 1852 Hoc
1624 1823 1782 1864 posterius
1804 1830 1911 1855 antem
1933 1833 2030 1866 prae·

402 1878 470 1909 fero
493 1886 525 1909 et
546 1886 714 1921 utrumque
737 1876 823 1908 hune
844 1875 994 1919 lapidem·
1005 1878 1038 1909 in
1062 1878 1248 1910 memoriam
1275 1878 1366 1920 pueri
1391 1875 1510 1909 nobilis
1531 1888 1552 1909 a
1574 1876 1759 1920 parentibus
1780 1878 1905 1911 hostiae
1928 1880 2030 1913 instar

401 1936 435 1965 in
466 1933 593 1975 publica
622 1933 802 1966 calamitate
832 1932 931 1965 oblati
957 1935 1095 1976 positum
1128 1934 1227 1967 fuisse
1248 1934 1413 1976 suspicor,
1446 1933 1486 1965 de
1515 1944 1578 1976 quo
1601 1944 1690 1966 more
1711 1933 1806 1967 Philo
1834 1946 1885 1978 ap.
1906 1935 2031 1968 Eunb.

403 1990 426 2022 l.
449 2001 476 2022 c.
510 1990 584 2028 ἔθος
614 1986 651 2032 ἦν
678 1995 744 2028 τοῖς
768 1992 911 2027 παλαιοῖς
939 1990 972 2021 ἐν
1001 1995 1070 2028 ταῖς
1097 1990 1245 2032 μεγάλαις
1273 1994 1450 2033 συμφοραῖς
1477 1993 1540 2023 τῶν
1572 1989 1721 2023 κινδύνων
1741 1990 1810 2024 ἀντὶ
1829 1994 1886 2033 τῆς
1905 1989 2029 2027 πάντων

403 2049 530 2089 φθορᾶς
559 2048 593 2078 τὸ
623 2046 819 2089 ἠγαπημένον
847 2049 909 2079 τῶν
937 2046 1050 2079 ’τέκνων
1082 2047 1155 2085 τοὺς
1183 2049 1372 2089 κρατοῦντας
1406 2045 1425 2088 ἤ
1452 2045 1571 2085 πόλεως
1599 2046 1618 2088 ἤ
1647 2047 1761 2086 ἔθνους
1787 2048 1822 2080 εἰ
1829 2060 1846 2086 ς
1872 2048 2036 2092 οφαγὴμυ
2072 2070 2073 2073 =

403 2101 636 2135 ἐπιδιδόναι
659 2103 770 2145 λύτρον
792 2108 857 2140 τοῖς
878 2108 1026 2145 τιμωροῖς
1047 2103 1183 2144 δαίμοσι.
1218 2101 1550 2146 κατεσφάττοντο
1574 2104 1609 2136 δὲ
1632 2103 1662 2136 οἳ
1684 2103 1839 2146 διδόμενοι
1859 2096 2026 2146 μυστικαῖς..

403 2161 439 2192 ld
469 2161 553 2192 enim
587 2160 618 2201 1)
642 2170 776 2201 arguere
808 2161 932 2191 videtur
964 2158 1103 2191 formula
1131 2161 1164 2191 in
1198 2166 1333 2202 utroque
1361 2158 1455 2191 titulo
1485 2166 1631 2191 extremo
1659 2171 1868 2203 comparens,
1902 2162 1937 2193 in
1965 2171 2028 2204 qua

404 2217 588 2249 holocausta·
606 2216 724 2247 mentio
748 2223 815 2252 est;
854 2218 886 2257 2)
910 2215 1011 2259 lapidi
1034 2219 1170 2258 septimo
1194 2214 1352 2258 insculpta
1373 2223 1422 2247 est
1442 2217 1535 2259 pueri
1557 2217 1683 2259 itnago,
1705 2227 1787 2259 quae
1807 2217 2027 2260 eadem-etiam

405 2275 436 2304 in
470 2272 543 2304 aliis
574 2271 668 2303 huius
696 2273 824 2315 generis
852 2274 1070 2304 monumentis
1104 2274 1154 2314 (v.
1178 2271 1309 2304 Numid.
1331 2276 1353 2303 4
1375 2279 1406 2303 et
1428 2283 1499 2316 pag.
1524 2273 1606 2313 210)
1631 2274 1808 2315 reperitur,
1838 2279 1872 2305 et
1891 2273 2028 2305 fortasse

404 2329 485 2360 adeo
509 2330 541 2360 in
565 2329 729 2370 superiore
752 2334 839 2370 parte
862 2332 955 2360 sexti
976 2336 1103 2371 reperta
1126 2337 1190 2366 est;
1224 2331 1259 2369 3)
1281 2329 1364 2371 qnod
1387 2330 1419 2360 in
1444 2336 1579 2372 utroque
1601 2335 1808 2361 monumento
1827 2329 1930 2372 ipsius
1952 2338 2029 2362 con-

403 2386 483 2417 fossi
513 2396 629 2417 nomen
662 2385 811 2416 reticetur
843 2382 1005 2426 soliusque
1042 2387 1140 2427 patris
1176 2386 1327 2417 matrisve
1363 2395 1481 2417 nomen
1511 2391 1795 2424 commemoretur,
1829 2385 1862 2416 id
1884 2386 1940 2417 vix
1961 2384 2028 2419 alio

406 2443 501 2474 modo
523 2441 684 2484 explices,
721 2451 860 2484 qnam„
870 2440 1051 2472 confossum
1064 2445 1085 2461 “
1108 2453 1239 2483 puerum
1265 2442 1366 2474 fuisse
1387 2441 1543 2474 infantem
1566 2441 1616 2473 vel
1639 2447 1725 2473 certe
1747 2441 1964 2483 impuberem,
1990 2442 2027 2475 in
2070 2471 2073 2475 .

405 2500 494 2531 cuius
517 2499 674 2540 sanguine
698 2497 828 2539 profuso
850 2502 1014 2538 parentum
1038 2499 1190 2538 pietatem
1213 2499 1417 2540 animumque
1443 2508 1635 2541 generosum
1658 2507 1907 2529 commemorare
1927 2499 2028 2530 satius

406 2554 543 2586 ducebat
564 2554 782 2596 inscriptionis
805 2559 933 2592 atictor,
963 2562 1058 2595 quam
1079 2553 1211 2585 infantis
1235 2565 1351 2586 nomen
1375 2555 1553 2597 posteritati
1569 2553 1705 2587 trudere.
1749 2552 1906 2586 Solebant
1920 2561 2027 2587 antem

406 2611 438 2641 in
463 2610 644 2643 huiusmodi
667 2603 834 2642 sacrificiis
858 2610 947 2652 pueri
972 2618 1035 2641 non
1058 2606 1162 2641 solum
1184 2612 1319 2643 cremari
1338 2611 1403 2643 vivi
1426 2609 1543 2652 (Diod.
1561 2609 1583 2642 l.
1599 2610 1665 2650 c.)‚
1689 2610 1745 2642 sed
1761 2611 1859 2643 etiam
1873 2613 2024 2643 nacturi.
