2242 2976
358 294 431 330 110
482 290 613 324 LIBER
629 289 877 323 SECUNDUS.
912 288 1249 324 INSCRIPTIONES
1265 290 1548 325 PHOENICIAE.
1583 291 1733 326 CAPUT
1748 293 1936 327 PRIMUM.

354 387 494 424 traditis,
524 386 580 416 sed
603 394 698 426 saepe
719 391 830 426 aperte
849 382 960 423 falsis,
990 383 1176 424 confidens,
1205 384 1378 418 nonnullas
1399 387 1496 418 etiam
1513 384 1598 418 male
1611 384 1743 430 legens,
1771 386 1977 422 Hamakerus

355 441 555 474 transscribit
578 448 610 472 et
631 442 874 483 interpretatur:

773 522 867 548 κᾶν-Ἠ
890 522 943 559 71³²:
1195 513 1295 547 Dedit
1316 516 1400 558 quod
1423 517 1525 558 potuit

798 574 949 620 witti-2579&
1202 569 1280 604 onir
1287 589 1300 596 -
1309 571 1474 605 isschesch

753 628 812 676 ¹:³23
836 630 885 661 Ἶκύ
913 651 944 659 ..
1199 649 1245 660 ...
1267 629 1323 671 qui
1346 639 1443 671 super

749 693 808 729 ³3²3
835 708 862 716 ..
893 708 944 716 ...
1202 708 1231 715 ..
1246 709 1253 716 .
1277 684 1416 728 lapidem

759 752 842 790 &7133
869 768 876 776 .
891 768 898 775 .
913 768 920 775 .
936 768 943 775 .
1201 766 1208 774 .
1222 767 1230 775 .
1244 764 1251 773 .
1264 765 1272 773 .
1296 742 1466 774 invocatus
1486 749 1535 774 est

696 809 800 842 ...η
829 823 945 831 ......
1203 799 1468 848 ...-quoniam·
1478 822 1568 831 .....

356 883 529 926 permultas
558 883 682 916 litteras
711 886 847 918 omissas
879 897 951 918 esse
975 888 1173 930 suspicatus,
1209 887 1255 919 ita
1275 893 1311 919 ut
1331 887 1489 929 integram
1511 886 1703 918 sententiam
1724 892 1895 928 expectare
1915 896 1981 920 nou

354 942 468 983 possis.
512 939 597 972 Mihi
620 940 701 972 nihil
725 943 879 974 omissum
909 953 982 975 esse
1007 944 1134 976 videtur
1165 950 1289 987 praeter
1317 943 1399 975 duas
1428 942 1551 975 litteras
1573 941 1613 974 ab
1634 943 1728 975 initio
1747 952 1859 974 versus
1881 943 1979 982 tertii,

355 999 387 1029 in
412 998 518 1029 medio
542 999 673 1029 nomine
694 997 873 1040 gentilicio.
914 998 1077 1042 Integram
1098 1007 1205 1032 autem
1226 1000 1466 1041 inscriptionem
1488 999 1599 1041 paucis
1620 998 1749 1031 mutatis
1770 999 1815 1030 ita
1835 997 1925 1042 lego:

723 1081 845 1143 -7572
875 1093 970 1129 253³
1063 1082 1066 1085 ⁸
1185 1085 1329 1135 Gtsppus
1352 1082 1501 1120 Malch-

689 1166 756 1200 -ffl
787 1165 849 1200 0&
882 1167 967 1203 ἾΌΝ
1178 1158 1353 1203 ascades,
1382 1156 1463 1193 viri
1487 1156 1532 1192 S·
1583 1157 1600 1174 ⁸

713 1226 818 1278 5525
850 1240 899 1274 ΨΦ
932 1260 943 1271 .
959 1266 968 1275 .
1181 1258 1210 1275 ‚-
1235 1230 1369 1275 senoe's,
1393 1228 1537 1266 Bauli.-

893 1313 969 1363 μοι
1181 1303 1283 1354 lapis

836 1388 864 1420 Ν
895 1385 967 1422 ’27³
1181 1389 1230 1413 ex
1254 1382 1341 1413 roto
1360 1387 1433 1426 pa-

926 1460 969 1492 ¹¹:
1181 1450 1257 1486 tris
1278 1449 1363 1486 mei.

465 1540 608 1571 Primum
626 1540 816 1572 vocabulum
829 1549 976 1584 quattuor
996 1544 1100 1586 signis
1115 1550 1277 1582 constans,
1299 1544 1328 1574 si
1350 1543 1458 1575 omnia
1470 1547 1557 1574 recte
1573 1551 1609 1572 se
1623 1539 1789 1578 haberent,
1809 1537 1981 1581 legendum

358 1604 444 1630 esset
465 1606 546 1630 vm.
591 1595 656 1628 Sed
685 1602 805 1639 quarta
833 1597 939 1630 littera
970 1598 1054 1630 haud
1084 1598 1180 1630 dubie
1209 1606 1258 1631 est
1282 1599 1384 1639 Belle,
1416 1598 1499 1641 quod
1523 1598 1617 1629 etiam
1640 1595 1697 1629 lin.
1718 1598 1738 1628 3
1766 1596 1823 1638 (iu
1844 1595 1925 1638 bn)
1948 1601 1981 1627 et

358 1654 414 1686 liu.
438 1656 458 1685 6
487 1654 540 1695 (in
561 1653 639 1694 iau)
674 1653 757 1685 collo
780 1653 871 1686 brevi
893 1657 1010 1697 pictum
1032 1662 1098 1693 est,
1137 1657 1207 1687 sive
1236 1666 1277 1687 ex
1307 1656 1453 1687 statuarii
1482 1653 1731 1691 consuetudine,
1764 1653 1833 1684 sive
1861 1652 1981 1684 descri-

358 1711 463 1742 bentis
494 1711 587 1741 vitio:
625 1718 657 1740 et
682 1708 799 1742 collato
827 1710 919 1742 titulo
946 1711 1159 1743 'antecedente
1186 1711 1262 1744 huic
1289 1711 1387 1755 longe
1417 1709 1582 1743 simillimo
1606 1710 1660 1741 vix
1682 1708 1864 1748 dubitabis,
1902 1709 1979 1751 quin

359 1800 454 1830 etiam
476 1798 618 1830 secunda
640 1799 682 1830 sit
705 1798 797 1830 Zade
827 1798 912 1839 (non
941 1798 1046 1841 Tau):
1084 1801 1193 1849 nescio
1215 1810 1255 1831 an
1277 1801 1324 1832 ita
1345 1800 1528 1842 reponenda
1555 1782 1635 1865 Υ,
1673 1804 1708 1830 ut
1739 1797 1872 1840 prodeat
1907 1804 1980 1830 2³8³

361 1877 485 1916 cippus.
531 1873 595 1905 Vel
618 1875 665 1905 sic
686 1880 792 1906 tamen
814 1875 847 1906 in
870 1876 1029 1907 sententia
1045 1876 1193 1909 nonnihil
1209 1877 1304 1916 inest,
1328 1877 1412 1919 quod
1429 1876 1603 1916 desideres,
1626 1882 1658 1908 et
1673 1881 1745 1918 apte
1758 1875 1799 1906 ad
1814 1873 1980 1917 orthogra-

361 1930 468 1973 phiam
487 1930 680 1961 Phoenicum
697 1929 773 1971 (lib.
788 1930 803 1961 1
824 1932 853 1968 ξ.
870 1931 937 1972 40),
949 1926 1054 1974 ‘atque
1069 1933 1107 1964 ad
1124 1931 1373 1975 parallelismum
1389 1943 1461 1964 curn
1475 1934 1571 1964 inser.
1586 1935 1606 1965 3
1622 1932 1774 1964 coniicias
1788 1938 1867 1969 2:3³,
1890 1937 1926 1962 ut
1935 1930 1980 1962 ita

360 1987 509 2017 decurrat
537 1987 633 2018 totius
663 1985 748 2017 tituli
775 1988 894 2018 oratio:
932 1988 1051 2020 Pomt't
1082 1989 1313 2028 Malclmstrto,
1342 1993 1395 2021 vir
1425 1987 1603 2028 S-nemie,
1634 1987 1738 2019 Baaln·
1761 1986 1903 2029 lapidem
1934 1995 1980 2018 ea·

362 2047 437 2074 voto
454 2045 566 2084 patris
588 2045 671 2074 mei:
699 2048 749 2081 at,
787 2053 967 2085 quanquam
998 2043 1308 2089 negligentissimum
1334 2052 1383 2077 est
1403 2044 1639 2088 apographum,
1669 2051 1775 2075 tamen
1799 2053 1819 2073 a
1839 2052 1892 2075 me
1914 2052 1978 2073 non

361 2100 545 2141 impetravi,
582 2104 618 2130 ut
646 2099 775 2130 tertium
796 2100 925 2141 siguum
953 2098 1048 2142 plane
1069 2100 1253 2132 abiicerem.

908 2153 920 2173 κ

487 2209 613 2242 Nomen
651 2212 814 2253 proprium
849 2212 986 2243 auctoris
1024 2213 1160 2247 nomba
1202 2212 1286 2255 (rex
1322 2211 1482 2251 Osiridis)
1517 2212 1630 2245 eodem
1666 2212 1762 2245 modo
1793 2218 1887 2254 atque
1919 2221 1979 2244 nos

362 2267 515 2305 fecimus,
545 2274 580 2298 ut
601 2266 703 2298 laetus
725 2268 955 2306 animadverti,
983 2266 1063 2311 legit
1083 2270 1179 2301 etiam
1202 2268 1337 2301 Beerius
1360 2270 1476 2310 (inser.
1498 2270 1603 2301 semit.
1626 2280 1658 2312 p.
1673 2266 1745 2310 1¹3).
1787 2267 1838 2299 Ad
1854 2266 1982 2299 Laned

362 2323 403 2355 cf.
431 2323 569 2366 figuram
598 2323 722 2354 Lamda
749 2322 877 2354 litterae
907 2325 940 2354 in
969 2323 1150 2366 Alphabeto
1176 2333 1284 2357 vetere
1307 2314 1432 2357 Graeco
1454 2336 1505 2356 no.
1520 2329 1552 2357 4.
1594 2324 1694 2357 Plane
1715 2325 1851 2356 eandem
1872 2329 1980 2354 autem

363 2381 473 2412 sedem
488 2386 620 2421 occupat
634 2381 792 2419 ἾΟΝΞΞἈ,
823 2387 918 2421 atque
931 2380 1059 2414 §92:572
1078 2382 1109 2412 in
1126 2380 1218 2413 titulo
1239 2382 1468 2424 praecedente,
1491 2382 1542 2413 cui
1557 2382 1654 2413 etiam
1671 2380 1732 2412 lioc
1748 2379 1872 2418 simile,
1895 2378 1979 2422 quod

363 2447 393 2467 n.
410 2447 457 2478 pr.
474 2437 594 2478 excipit
609 2445 659 2470 um
683 2437 773 2478 (vir)
788 2446 858 2467 cum
874 2435 1059 2477 gentilicio,
1083 2438 1167 2478 quod
1181 2437 1233 2469 hic
1247 2439 1374 2480 quidem
1389 2438 1495 2469 media
1509 2444 1600 2480 parte
1615 2447 1762 2468 mancum
1777 2442 1835 2467 est.
1879 2434 1980 2466 Exire

363 2491 443 2524 illud
465 2492 577 2524 credas
598 2494 631 2524 in
653 2491 849 2536 singularem
871 2490 1008 2534 figuram
1031 2491 1085 2524 lin.
1109 2496 1128 2524 3
1150 2487 1265 2532 litt.’2‚
1288 2504 1382 2536 quam
1406 2493 1610 2525 Hamakems
1624 2492 1733 2525 Retch
1755 2503 1828 2524 esse
1843 2491 1980 2528 censuit,

361 2561 416 2591 sed
445 2559 541 2592 huius
567 2562 728 2603 posterior
754 2571 827 2602 pars
858 2548 903 2621 l)
940 2565 988 2590 est
1018 2558 1159 2598 Lamed,
1192 2560 1370 2602 praefixum
1402 2559 1491 2592 verbi
1518 2560 1600 2599 55³,
1638 2560 1766 2592 nonnisi
1784 2562 1872 2602 prior
1915 2540 1972 2610 Α

364 2635 468 2676 (Jod)
505 2642 556 2668 est
589 2637 695 2671 littera
731 2636 838 2670 finalis
868 2635 1049 2680 gentilicia:
1085 2643 1222 2675 immin,
1261 2637 1344 2679 quod
1372 2634 1518 2678 suppleat
1554 2636 1608 2678 qui
1639 2635 1725 2668 velit.
1776 2636 1811 2669 In
1841 2636 1980 2671 formula
