2242 2976
363 247 415 285 84
476 243 607 279 LIBER
631 244 806 280 PRIMUS.
827 231 1220 278 'PALAEOGRAPBIA
1240 239 1493 278 PHOENICIA.
1535 245 1683 281 CAPUT
1705 246 1923 281 TERTIUM.

361 342 395 373 in
417 339 517 377 titulis
540 338 837 372 Kirmansehahieis
859 345 967 370 essent
987 337 1030 370 ab
1051 336 1117 370 illis
1139 338 1357 381 discrepantes
1378 339 1422 381 (v.
1444 339 1762 373 Mcomt‘Recuea
1780 341 1844 374 tab.
1868 345 1920 382 26,
1941 343 1983 375 cf.

362 409 434 440 pag.
456 398 508 438 6);
531 403 564 427 et
586 405 669 427 novo
691 402 808 437 puncto
828 396 997 427 interiecto
1019 395 1159 437 potiores
1180 393 1301 437 figuras
1323 406 1366 428 ex
1388 397 1590 429 numismatis
1611 397 1725 439 petitas
1747 398 1802 440 (de
1814 397 1902 441 δικ-ρ]
1915 397 1937 432 l.
1954 409 1983 431 e.

362 465 391 496 p.
421 456 477 486 171
501 452 610 495 ibique
632 451 694 483 tab.
716 453 762 492 7).

491 537 718 578 plerarumque
740 535 919 568 litterarum
942 547 984 574 ex
1007 535 1206 578 Palmyrenis
1228 537 1319 580 origo
1343 538 1422 569 satis
1443 537 1615 570 manifesta
1635 544 1685 570 est
1707 538 1752 582 (v.
1773 537 1874 579 Beth,
1897 539 1984 580 vav,

362 594 459 633 Chet,
490 592 569 631 jod,
601 591 711 635 Caph,
740 593 880 632 Lamed,
910 592 1036 632 Resch,
1060 591 1172 635 Tau):
1203 592 1268 625 alia
1289 604 1354 626 non
1375 595 1481 626 minus
1502 601 1610 634 certa,
1638 593 1715 627 licet
1736 606 1800 628 non
1822 598 1929 629 statim
1949 598 1984 630 in

361 649 471 682 oeulos
487 651 665 687 incurrens,
681 647 767 680 velut
785 648 951 692 Alepltfig.
967 649 1098 691 palmyr.
1115 652 1147 689 7,
1171 648 1308 682 San-ecla
1323 661 1365 682 ex
1385 649 1575 692 Palmyreno
1596 662 1648 684 no.
1661 655 1692 683 2.
1730 651 1794 684 Sed
1812 651 1985 685 nonnullae

361 714 465 738 tamen
497 704 620 748 figurae
652 716 693 738 ex
722 705 783 737 hoe
813 706 901 737 fonte
923 705 1078 748 explicari
1100 712 1279 749 nequeunt,
1310 713 1342 738 et
1363 708 1418 738 vix
1440 707 1581 739 dubitari
1606 714 1732 751 potest,
1759 710 1836 752 quin
1859 708 1920 741 hae
1942 719 1983 742 ex

361 762 539 805 antiquiore
564 763 719 804 scriptura
743 762 888 802 Persica,
922 772 1015 805 quam
1045 761 1240 794 Phoeniciae
1272 763 1407 806 originis
1436 763 1536 795 fuisse
1561 774 1658 806 supra
1687 765 1824 797 vidimus
1854 766 1896 806 (ς.
1918 765 1985 807 50),

361 825 449 850 ortae
474 819 548 856 sint,
572 817 670 849 veluti
686 818 784 856 Zaira,
806 818 890 861 quod
905 818 1159 860 antiquissimam
1174 817 1311 861 figuram
1328 818 1521 862 phoenicio·
1529 822 1685 863 persicam
1703 822 1844 854 servavit
1864 823 1903 864 (ᾗ.
1919 821 1985 864 18),

361 882 393 907 et
418 875 491 913 He,
513 875 596 917 quod
620 874 706 906 haud
727 875 795 906 scio
818 885 859 905 an
882 881 987 906 ortum
1009 875 1051 906 sit
1071 885 1113 906 ex
1136 872 1220 906 chet
1239 876 1453 908 recentiorum
1476 875 1672 909 Phoenicum
1693 878 1735 917 (ἱ.
1757 879 1822 920 19).

488 957 638 990 Ceterum
667 959 700 990 in
731 958 880 991 omnibus
899 947 1147 991 Smnnidamm'
1165 960 1380 992 monumentis
1403 959 1502 992 verba
1519 961 1671 994 oontinua
1690 963 1776 995 serie
1797 961 1984 1005 retrogrado

361 1026 455 1047 cursu
477 1016 597 1057 scripta
618 1022 708 1047 sunt:
730 1013 909 1047 litterarum
931 1013 1101 1058 ligatorum
1123 1013 1212 1046 nulla
1233 1015 1380 1058 exempla
1402 1023 1540 1049 exstant.

489 1103 519 1132 2.
561 1099 776 1142 Alphabetum
801 1099 978 1133 Zendccuu·
1000 1111 1085 1132 nune
1106 1100 1298 1132 ditissimum
1319 1099 1490 1144 multisque
1509 1099 1625 1134 litteris
1646 1110 1813 1143 constans,
1847 1115 1982 1147 quarum

362 1163 548 1199 potestatem
564 1167 606 1188 ex
619 1155 800 1199 linguarum
815 1155 1093 1188 Sanseritanarum
1111 1155 1261 1199 analogia
1277 1167 1378 1200 nuper
1392 1158 1522 1201 egregie
1537 1157 1710 1201 explicavit
1722 1159 1869 1203 Boppt’m
1882 1159 1986 1200 (Ver-

360 1212 555 1256 gleichende
579 1212 780 1244 Gramman'k
802 1213 859 1245 dee
881 1211 1050 1252 Samcrt't,
1081 1212 1176 1245 Zend
1195 1223 1227 1244 u.
1250 1224 1275 1244 t.
1298 1225 1336 1245 w.
1358 1224 1388 1256 p.
1412 1216 1453 1246 29
1475 1213 1564 1257 sqq.)
1593 1226 1613 1247 a
1635 1215 1851 1258 disputatione
1875 1222 1987 1248 nostra

361 1268 498 1301 alienius
520 1269 622 1300 videri
643 1270 753 1311 possit.
797 1268 841 1301 At
862 1270 895 1301 in
919 1270 1016 1301 tantis
1038 1270 1108 1301 eius
1130 1269 1360 1302 mutationibus
1383 1271 1653 1314 incrementisque
1675 1270 1759 1304 haud
1779 1283 1899 1315 paucas
1914 1273 1985 1305 eins

360 1324 485 1357 litteras
507 1325 623 1367 partim
645 1335 686 1356 ex
708 1326 926 1357 vetustissima
949 1325 1117 1357 Persarum
1144 1326 1303 1368 scriptura
1331 1333 1475 1358 servatas
1504 1337 1576 1359 esse
1598 1333 1631 1359 et
1652 1328 1756 1370 ipsam
1778 1327 1985 1361 Phoenicium

361 1381 518 1424 originem
539 1380 674 1424 prodere
694 1381 743 1421 (v.
767 1379 905 1420 Daleth,
929 1380 1044 1423 sain),
1074 1382 1188 1424 partim
1219 1393 1260 1414 ex
1293 1381 1556 1424 Palmyrenorum
1579 1389 1611 1415 et
1632 1383 1877 1417 Sassanidarum
1899 1384 1986 1417 litte-

361 1445 468 1469 ratura
485 1444 582 1476 ortas,
606 1445 638 1470 et
659 1431 737 1469 satis
759 1445 878 1470 certum
903 1438 1028 1469 videtur
1050 1444 1082 1469 et
1103 1437 1212 1470 tabula
1234 1446 1343 1471 nostra
1366 1438 1446 1481 (tab.
1461 1441 1481 1471 5
1496 1438 1555 1471 col.
1579 1443 1593 1482 )
1617 1441 1819 1480 monstrabit,
1842 1442 1874 1474 in
1890 1451 1985 1484 quam

361 1494 490 1525 omissis
511 1493 645 1536 reliquis
667 1495 806 1525 incertae
828 1495 963 1536 originis
985 1493 1100 1526 litteris
1123 1495 1251 1526 nonnisi
1275 1505 1330 1528 eas
1351 1496 1549 1538 recepimus,
1579 1508 1711 1540 quarum
1727 1498 1819 1541 origo
1833 1497 1985 1530 Semitiea

362 1560 404 1581 ex
428 1550 499 1592 ipsa
520 1549 624 1592 figura
646 1550 816 1581 manifesta
838 1557 898 1581 est.

782 1672 826 1706 Ε.
874 1672 1179 1708 SCRIPTURA
1216 1673 1556 1710 AETHIOPICA.

1116 1769 1144 1808 ξ.
1174 1771 1227 1802 55.

490 1836 684 1879 Aethiopum
714 1835 837 1869 litteras
865 1838 972 1882 neque
996 1837 1037 1871 ab
1068 1839 1147 1882 ipsis
1168 1838 1344 1872 Auximitis
1363 1840 1528 1880 inventas,
1558 1851 1661 1884 neque
1682 1852 1818 1893 graecae
1848 1843 1982 1886 originis

363 1904 434 1925 esse
446 1894 485 1934 ¹³),
508 1894 565 1925 sed
581 1892 786 1925 Phoeniciam
808 1893 1019 1928 litteraturam
1041 1902 1174 1928 matrem
1198 1895 1249 1928 vel
1272 1897 1376 1939 potius
1398 1897 1504 1928 aviam
1523 1895 1654 1936 habere,
1679 1899 1812 1940 primus,
1829 1899 1863 1930 ni
1878 1897 1983 1937 fallor,

362 1951 431 1992 ipse
459 1950 569 1992 paucis
599 1950 734 1992 exposui
762 1951 794 1980 in
823 1949 1090 1993 Encyclopaedt'a
1112 1953 1297 1985 universali
1315 1951 1356 1984 ab
1378 1951 1519 1984 Erochco
1541 1957 1575 1984 et
1599 1953 1748 1986 Grubero
1770 1954 1863 1986 edita
1885 1953 1926 1985 T.
1941 1953 1982 1987 11.

361 2017 391 2048 p.
409 2008 469 2037 112
486 2005 607 2047 (1819),
631 2006 715 2048 quod
737 2006 860 2049 fugisse
885 2008 1010 2038 videtur
1034 2008 1220 2051 Καρρίνα,
1254 2010 1307 2051 qui
1331 2008 1462 2040 biennio
1485 2015 1555 2051 post
1577 2008 1707 2051 (Bclder
1727 2009 1796 2042 und
1809 2008 1984 2049 Schriften

362 2061 412 2100 11,
442 2072 473 2104 p.
496 2063 579 2102 344)
609 2060 671 2093 hoe
698 2070 921 2105 argumentum
950 2069 1101 2105 tauquam
1130 2075 1242 2097 recens
1271 2075 1291 2096 a
1313 2075 1348 2096 se
1372 2065 1535 2096 inventum
1561 2073 1735 2098 retractans
1757 2064 1920 2109 vulgarem
1944 2066 1984 2098 de

363 2128 479 2161 graeca
500 2118 625 2160 origine
646 2119 831 2161 opinionem
854 2121 980 2162 penitus
1002 2120 1141 2164 explosit
1156 2120 1223 2164 **).’

416 2273 441 2306 ·)
459 2273 537 2300 Prior
553 2274 686 2300 sententia
709 2278 766 2299 erat
792 2275 854 2301 10⁸1
880 2275 1010 2302 Lunour
1034 2276 1063 2302 in
1082 2278 1140 2303 hiet.
1208 2281 1268 2303 tans
1289 2276 1318 2303 in
1338 2278 1446 2306 Tremel:
1470 2279 1496 2303 in
1522 2279 1657 2311 Abytut'nie
1675 2287 1703 2312 p.
1722 2278 1789 2311 414,
1812 2278 1859 2305 ubi
1875 2283 1984 2306 vetere·

365 2323 474 2355 aethiop.
490 2321 524 2355 4,
544 2324 557 2348 1
577 2322 613 2348 ef.
635 2323 767 2348 Commem-
787 2324 822 2348 aa
838 2324 893 2350 hist.
913 2325 1021 2358 aethiop.
1039 2334 1065 2359 p.
1079 2325 1140 2358 555,
1207 2325 1310 2351 litteras
1327 2324 1502 2359 Aethiopica·
1523 2326 1635 2353 exhibet
1657 2327 1686 2353 in
1711 2335 1807 2355 eversa
1832 2331 1907 2361 parte
1924 2335 1983 2354 mo·

363 2370 499 2404 posterior
515 2371 674 2402 multorum,
701 2378 769 2404 quos
793 2376 917 2397 recenset
934 2374 1050 2406 Koppius
1068 2373 1087 2398 Ι.
1105 2381 1140 2406 a„
1209 2373 1329 2400 numenti
1356 2373 1515 2400 Axumitani
1545 2374 1699 2408 insculptas.
1734 2374 1765 2402 Si
1791 2375 1882 2408 enim,
1911 2377 1982 2410 quod

366 2418 465 2452 urique
484 2422 511 2445 et
532 2418 590 2453 ipse
609 2418 675 2444 olim
688 2418 898 2452 subscriptorum
917 2420 982 2453 (hist.
997 2423 1055 2453 ling.
1070 2422 1138 2446 hebr.
1209 2430 1274 2448 sane
1292 2422 1449 2456 probabile,
1469 2423 1537 2449 haee
1553 2422 1692 2458 inscriptio
1709 2423 1870 2458 Aethiopica
1888 2425 1983 2451 eodem

365 2475 392 2500 p.
411 2465 488 2500 1³8).
523 2467 574 2493 His
597 2474 682 2499 vero,
712 2466 758 2501 qni
784 2467 885 2493 reiecta
906 2468 1009 2494 Graeca
1034 2468 1139 2504 origine
1208 2473 1331 2503 tempore
1342 2479 1404 2497 cum
1417 2471 1521 2498 Graeca
1532 2471 1616 2498 ineisa
1630 2475 1680 2504 est,
1701 2472 1851 2498 reoteinde
1863 2473 1983 2508 colligas,

367 2515 525 2542 domesticas
549 2515 613 2542 huie
641 2515 806 2542 litteraturae
834 2515 954 2551 origines
980 2516 1139 2549 tribuerent,
1207 2517 1309 2544 litteras
1336 2518 1394 2545 eius
1418 2519 1472 2545 iam
1496 2518 1617 2545 Ain-nae
1641 2524 1763 2554 tempore
1793 2520 1820 2547 in
1840 2521 1982 2556 Aethiopis

366 2571 430 2595 prae
456 2563 553 2590 ceteris
583 2564 766 2591 accensendas
795 2562 922 2591 ΒΑΜ-ιω
945 2569 1039 2591 contra
1062 2567 1140 2590 Mur·
1210 2566 1368 2592 domesticas
1385 2567 1479 2594 fuisse.

367 2620 453 2644 royum
474 2612 517 2645 (ad
531 2612 637 2638 Bruce's
659 2614 764 2639 Travels
783 2612 847 2639 Vol.
865 2613 903 2646 ΙΙ,
922 2621 939 2647 p
967 2613 1031 2645 402)
1048 2613 1141 2647 dispu-
1262 2611 1304 2646 **)
1324 2614 1366 2641 cf.
1384 2615 1523 2650 Hugseidii'
1539 2617 1651 2642 aerdu-
1671 2617 1780 2650 oetla'op.
1799 2625 1824 2651 p.
1844 2620 1858 2643 1
1878 2626 1938 2652 sqq.
