2242 2976
649 273 710 306 DE
733 272 877 306 SIGNIS
898 271 1220 306 NUMERALIBUS
1243 271 1523 306 PHOENICUM.
1851 276 1898 313 85

393 367 604 408 Phoeniciao,
636 379 700 400 non
730 367 893 407 Graecae,
922 368 1057 410 originis
1087 367 1175 399 dnae¹
1198 368 1400 410 potissimum
1432 377 1548 399 causae
1569 374 1655 399 sunt.
1698 365 1772 399 Una
1793 374 1843 399 est
1863 369 1897 399 in

267 424 436 457 manifesta
466 425 550 457 haud
579 436 750 468 paucarum
773 424 965 467 figurarum
994 434 1067 455 cum
1089 423 1275 456 Phoeniciisv
1293 424 1504 457 similitudine
1535 425 1585 466 (v.
1609 424 1673 456 tab.
1698 431 1839 471 nostram
1863 428 1894 464 5,

265 481 374 524 ibique
389 483 530 514 maxime
547 481 672 521 Gimel,
695 482 837 519 Lamud,
858 479 952 518 Nun,
971 479 1054 519 Ain,
1078 479 1198 522 Koph,
1221 479 1323 523 Tau):
1347 480 1448 513 altera
1463 482 1495 513 in
1511 481 1694 513 nominibus
1707 480 1894 518 litterarum,

266 549 348 581 quae
371 549 435 570 non
458 549 529 570 cum
553 538 687 571 Graecis
710 537 917 575 Arabicisve,
939 536 995 567 sed
1020 547 1090 568 cum
1117 536 1276 568 Hebraeis
1290 548 1315 568 s.
1335 536 1519 570 Phoeniciis
1543 544 1742 580 congruunt,
1768 544 1818 576 et,
1840 537 1897 570 ubi

266 595 466 637 discrepant,
498 595 642 627 eiusdem
673 601 779 626 tamen
808 592 1055 636 significationis
1083 600 1174 631 sunt,
1205 592 1292 625 velut
1320 594 1403 633 Alf,
1430 593 1528 633 Rea,
1563 594 1673 634 Geml,
1698 593 1791 627 Dent
1820 595 1896 637 (pro

266 670 418 713 Daleth),
442 671 528 710 Hei,
551 670 617 703 Zaa·
638 670 696 712 (cf.
719 680 746 712 ³1
768 680 826 712 pro
849 668 934 712 371),
957 669 1052 701 Haut
1077 642 1183 711 (ἐξ
1204 685 1249 699 =
1271 679 1329 714 ηᾞ
1352 681 1463 712 sepes,
1488 672 1638 713 septum),
1667 671 1754 709 Tm’t,
1777 670 1898 702 Jaman

266 729 289 759 i.
311 739 340 760 e.
364 729 476 761 dextra
498 738 554 770 pro
576 726 644 759 Jod
664 738 796 764 manus,
826 725 918 765 Kef,
946 725 1049 757 Lame
1069 736 1096 757 s.
1119 725 1219 764 Law,
1249 726 1328 758 Μαι·
1349 728 1372 758 i.
1396 738 1425 759 e.
1451 738 1533 769 aqua
1555 738 1612 769 pro
1636 726 1755 767 Maim,
1779 726 1897 759 Naltae

266 795 398 827 serpens
419 785 494 829 (pro
516 784 596 818 Nun
617 783 726 827 pisci),
747 783 838 821 Ain,
859 781 920 821 Af
934 783 954 836 i:
976 793 1007 813 e.
1032 792 1069 813 os
1091 782 1114 816 i.
1138 793 1167 825 q.
1193 790 1256 829 ιτς,
1286 783 1383 822 Kw‘,
1407 784 1514 823 Rees,
1539 782 1624 822 Seu,
1653 783 1737 815 Taw.
1783 783 1909 831 Neque¹

266 847 372 874 tamen
389 841 430 874 ab
445 843 523 885 ipsis
539 839 752 874 Phoenicibus
773 838 898 871 litteras
921 839 1083 881 accepisse
1106 839 1259 871 censendi
1281 847 1356 871 sunt
1373 839 1565 883 Aethiopes,
1586 840 1644 871 sed
1657 839 1698 872 ab
1714 840 1898 881 Himjaritis

266 918 293 939 s.
325 907 520 948 Homer-itis,
558 910 613 952 qui
644 909 819 951 scripturae
851 917 971 950 genere
1002 906 1173 939 utebantur
1203 906 1385 950 aethiopico
1414 908 1585 940 admodum
1614 907 1733 947 simili,
1770 895 1895 942 &22:⁸25

266 973 310 1010 (i.
333 983 362 1004 e.
392 975 551 1016 scriptura
569 974 686 1016 fulta)
716 972 802 1016 apud
831 971 957 1004 Arabes
989 970 1147 1014 appellato
1174 973 1209 1003 in
1232 974 1366 1004 vetustis
1388 972 1651 1015 inscriptionibus
1673 975 1842 1016 superstite
1865 980 1897 1004 et

265 1027 383 1061 litteris
413 1041 477 1062 non
507 1029 614 1073 ligatis
641 1031 813 1072 conspicuo
832 1029 877 1070 *):
919 1029 1010 1059 cuius
1036 1029 1213 1060 accuratior
1242 1030 1357 1060 notitia
1385 1035 1452 1061 tum
1483 1027 1563 1061 alias
1593 1029 1635 1061 ob
1662 1040 1794 1068 causas,
1830 1037 1894 1061 tum

265 1085 306 1117 ad
328 1085 527 1129 aethiopicae
549 1086 749 1118 litteraturae
761 1074 913 1128 “origines
935 1082 1062 1126 plenius
1085 1084 1270 1117 enodandas
1293 1094 1487 1127 magnopere
1512 1086 1651 1128 optanda
1673 1093 1731 1118 est.

393 1141 430 1174 In
454 1142 563 1175 tabula
585 1149 695 1175 nostra
715 1145 831 1185 quinta
852 1142 984 1173 nonnisi
1007 1151 1062 1172 eas
1085 1140 1282 1184 Aethiopum
1309 1139 1434 1173 litteras
1462 1142 1628 1181 dedimus,
1660 1153 1794 1185 quarum
1824 1153 1896 1174 cum

266 1198 449 1231 Phoeniciis
469 1198 644 1232 similitudo
662 1199 833 1231 manifesta
853 1198 980 1238 est:,de
1002 1195 1197 1240 reliquarum
1220 1199 1316 1229 etiam
1340 1199 1465 1241 origine
1489 1199 1544 1241 qui
1565 1199 1766 1231 coniecturas
1787 1198 1897 1242 legere

267 1256 374 1297 cupit,
404 1256 432 1287 is
459 1255 623 1298 Koppium
651 1256 745 1288 adeat
771 1255 793 1287 l.
817 1264 860 1287 c.:
893 1254 950 1286 sed
979 1264 1093 1286 vereor
1119 1265 1160 1286 ne
1188 1254 1389 1287 Homeritica
1416 1256 1576 1298 scriptura
1604 1254 1680 1287 olim
1712 1254 1840 1297 plenius
1863 1256 1895 1286 in

267 1310 371 1343 lucem
394 1318 555 1353 protracta
576 1312 690 1344 harum
712 1323 830 1354 magna
852 1321 926 1353 pars
947 1309 988 1341 ad
1009 1309 1146 1342 nihilum
1169 1311 1300 1342 recidat.

397 1366 546 1399 Ceterum
576 1368 661 1411 quod
689 1368 788 1400 verba
818 1368 921 1399 divisa
945 1373 1020 1398 sunt
1041 1365 1188 1409 binisque
1210 1368 1335 1409 punctis
1357 1367 1522 1406 distincta,
1551 1368 1635 1410 quod
1658 1367 1783 1399 litterae
1807 1378 1896 1399 more

269 1423 465 1456 Graecorum
495 1435 513 1455 a
541 1423 634 1456 laeva
663 1425 703 1456 ad
731 1425 877 1456 dextram
907 1429 1053 1461 currunt,
1082 1423 1221 1466 denique
1251 1424 1335 1466 quod
1358 1425 1509 1455 consonis
1531 1423 1659 1455 vocales
1682 1423 1799 1456 affixae
1822 1431 1895 1455 sunt

267 1480 307 1512 ad
335 1491 521 1523 graecarum
552 1479 712 1513 vocalium
741 1478 906 1522 exemplar
935 1479 1171 1519 conformatae,
1203 1480 1242 1512 id·
1265 1486 1338 1522 post
1368 1480 1571 1513 Constantini
1600 1480 1728 1512 demum
1750 1487 1895 1523 tempora

267 1548 286 1568 a
309 1535 442 1569 Graecis
464 1539 631 1580 repetitum
654 1548 726 1570 esse
748 1537 874 1569 videtur
889 1537 948 1577 **).

772 1713 800 1745 C
820 1713 852 1746 A
877 1714 910 1746 P
938 1713 970 1745 U
993 1713 1023 1746 Τ
1069 1711 1096 1745 S
1119 1712 1154 1746 E
1172 1714 1210 1746 X
1235 1713 1264 1745 Τ
1289 1713 1390 1746 UM.

481 1801 560 1837 DE
602 1799 802 1836 SIGNIS
843 1797 1270 1838 NUMERALIBUS
1316 1799 1684 1838 PHOENICUM.

1018 1902 1048 1940 ς.
1083 1902 1134 1932 56.

395 1973 424 2002 1.
470 1970 594 2002 Primus
612 1970 674 2002 fuit
695 1969 909 2010 Rhenferdus
922 1970 1125 2014 (literaturae
1147 1970 1265 2013 phoen.
1290 1981 1375 2013 spec.
1396 1972 1424 2010 §-
1448 1971 1525 2014 7⁷),
1549 1972 1603 2015 qui
1626 1973 1719 2015 signa
1741 1970 1837 2003 NNN
1862 1972 1894 2003 in

267 2026 454 2070 quibusdam
464 2026 641 2059 Phoenices
657 2028 804 2070 propriae
821 2029 927 2059 numis
940 2027 1140 2060 characteres
1155 2027 1373 2060 arithmeticos
1387 2038 1459 2059 esse
1472 2030 1696 2070 suspicaretur,
1714 2039 1893 2071 quanquam

319 2157 347 2190 ⁸)
364 2157 436 2184 Vide
461 2165 530 2191 quae
554 2156 666 2190 copiose
690 2155 806 2190 disputat
830 2157 894 2181 Sizv.
920 2157 952 2181 de
976 2158 1044 2189 Socy

267 2210 296 2235 in
314 2210 440 2236 Me'moire
463 2219 507 2235 sur
533 2207 653 2240 l'origine
677 2213 700 2233 et
727 2211 763 2233 les
787 2210 886 2233 ane-iens
903 2217 1044 2234 monumens

269 2259 301 2284 de
319 2258 348 2283 Iu
366 2258 506 2283 lituratare
523 2258 605 2290 parmi
622 2259 657 2281 lea
674 2258 789 2289 Arabes,
812 2256 887 2282 Paris
906 2257 983 2282 1803.
1017 2256 1044 2282 4.

268 2314 328 2342 pag.
342 2305 464 2336 11—34,
481 2305 526 2339 qui
545 2309 634 2330 tamen
651 2304 710 2338 ipse
727 2304 767 2338 (p.
786 2304 833 2336 36)
854 2304 1045 2331 Homeriticam

269 2354 425 2388 scripturam
445 2355 492 2380 vel
517 2362 554 2380 ex
578 2352 738 2386 Aethiopica
762 2357 847 2379 ortem
868 2354 915 2380 vel
933 2353 1045 2379 eandem

270 2411 331 2429 cnm
356 2402 517 2436 Aethiopica
546 2401 647 2435 fuisse,
677 2402 748 2427 hanc
776 2409 845 2428 vero
878 2409 916 2427 ex
942 2401 1045 2427 Graeca

270 2455 355 2477 ortam
368 2455 451 2484 putat.
485 2450 570 2476 Unica
585 2450 643 2476 eins
656 2449 811 2483 specimina,
825 2449 853 2475 ni
866 2449 955 2481 fallor,
972 2449 1046 2475 dedit

271 2500 413 2525 Seetzenina
436 2499 464 2525 in
487 2501 654 2531 Fundgruben
680 2500 705 2525 d.
735 2499 833 2525 oriem
862 2498 902 2531 11,
928 2507 956 2532 p.
983 2499 1045 2531 282,

271 2555 333 2572 nam
355 2555 425 2581 quae
444 2550 552 2573 Lamina
579 2556 614 2574 ex
644 2547 782 2573 codicibus
798 2546 937 2573 Vaticanis
963 2546 1046 2572 edidit

275 2598 302 2620 et
321 2595 451 2629 explicuit
477 2596 522 2628 (in
550 2597 728 2622 dissertatione
745 2597 948 2621 norica-critica
965 2605 994 2621 su
1012 2597 1047 2628 gli·

277 2644 387 2669 omium·
405 2653 419 2668 ι
439 2647 492 2670 loro
511 2643 595 2675 some
614 2646 641 2670 di
662 2646 771 2670 scrivere
792 2649 891 2670 trovate
907 2643 946 2670 ne'
964 2645 1046 2670 codici·

1114 2158 1244 2183 Vaticani.
1279 2156 1363 2182 Roma
1392 2158 1468 2184 1820.
1492 2155 1527 2189 8)
1554 2157 1587 2182 ad
1608 2156 1765 2190 scripturam
1784 2149 1891 2183 &Lm-[i

1111 2208 1161 2234 vix
1179 2207 1323 2241 pertinent.
1355 2206 1480 2234 Ceterum
1494 2208 1613 2234 Arabum
1626 2208 1772 2242 scriptores
1785 2216 1891 2234 omnem

1115 2256 1174 2282 sere
1203 2255 1359 2289 scripturam
1384 2256 1450 2290 ipsis
1475 2256 1638 2293 incognitam
1667 2261 1693 2282 et
1716 2256 1812 2282 litteris
1837 2263 1891 2281 non

1113 2303 1202 2339 ligatis
1220 2304 1345 2338 scriptam
1369 2305 1558 2338 Himjariiz'cam
1583 2306 1732 2339 appellasse
1756 2305 1889 2331 videntur.

1114 2351 1154 2378 lta
1181 2356 1255 2378 certe
1279 2357 1374 2379 auctor
1398 2361 1549 2388 anonymus
1572 2352 1758 2387 descriptionis
1782 2352 1892 2379 At'ricae
1935 2351 1937 2353 ’

1113 2401 1142 2426 in
1167 2401 1228 2427 cod.
1256 2401 1340 2427 Paris.
1368 2409 1414 2428 no.
1441 2403 1492 2429 580
1517 2403 1560 2435 (v.
1592 2403 1788 2437 Ouarar-:unns
1811 2403 1891 2426 notice

1114 2449 1140 2475 ‹1'
1147 2459 1180 2475 un
1197 2459 1243 2475 ms.
1263 2451 1340 2475 arabe
1354 2456 1484 2476 contenent
1503 2454 1528 2476 lo
1540 2452 1689 2483 description
1707 2451 1740 2475 ‹le
1757 2449 1773 2474 1'
1783 2448 1891 2481 Afrique

1113 2506 1141 2532 p·
1159 2497 1218 2531 ⁶5),
1240 2498 1286 2532 qni
1302 2498 1503 2532 inscriptionem
1523 2498 1550 2524 in
1569 2499 1673 2524 theatro
1689 2495 1890 2530 Carthaginensi

1114 2554 1164 2573 suo
1183 2551 1305 2581 tempore
1325 2551 1491 2580 exstantem,
1517 2555 1585 2580 quae
1608 2547 1678 2572 haud
1698 2545 1776 2571 dubie
1794 2546 1889 2577 punica

1114 2599 1172 2622 erat
1189 2597 1229 2627 (v.
1242 2596 1275 2621 ad
1290 2595 1371 2621 inscr-
1391 2599 1476 2621 nostr.
1493 2594 1537 2627 55)
1554 2594 1748 2628 Himjariticem
1765 2592 1889 2626 appellat.

1164 2641 1204 2676 ²⁸⁴¹)
1227 2643 1346 2676 Hupseld
1361 2644 1380 2669 l.
1395 2651 1419 2669 ο.
1438 2651 1465 2676 p.
1483 2641 1509 2668 4.
