2242 2976
768 253 807 303 ᾼ.
854 251 1018 287 PUNICA
1040 251 1159 285 APUD
1182 251 1409 287 PLAUTUM.
1824 255 1894 292 361

322 355 325 357 ·
359 346 451 379 Deos
474 347 612 389 deasque
634 346 812 385 invocabo,
834 348 843 385 ιζ
856 348 931 389 qui)
952 353 1081 378 tuentur
1106 347 1190 378 hanc
1213 345 1384 388 (urbem),

357 403 433 435 dum
469 401 605 435 consilia
633 413 705 434 mea
739 403 950 446 impleamur,
983 403 1099 445 (dum)
1132 413 1319 446 prosperum
1355 403 1398 434 sit
1433 411 1476 434 ex
1505 402 1618 434 edictis
1645 412 1756 435 eorum
1797 405 1897 446 (nutu

1246 459 1378 500 eorum)
1401 459 1563 501 negotium
1586 467 1704 497 meum,

359 522 393 547 ut
410 515 584 561 *adveniam
606 515 784 548 redemtum
806 513 908 547 filium
931 515 1039 547 fratris
1063 517 1126 547 mei
1155 514 1396 547 dilectissimum
1419 521 1451 546 et
1473 513 1557 546 filias
1580 525 1679 554 meas,

355 581 412 614 per
433 573 612 614 potentiam
633 582 781 614 magnum
804 571 937 604 deorum
960 579 993 603 et
1015 581 1070 613 per
1092 572 1325 613 providentiam
1349 572 1502 613 ipsorum.

355 628 442 660 Ante
464 634 599 660 mortem
622 629 724 670 ipsius
745 628 901 660 diversari
922 628 1005 670 apud
1029 638 1080 660 me
1100 627 1227 660 solebat
1248 627 1532 667 Antidamarohon‚

357 686 407 717 vir
436 686 490 727 qui
519 683 734 727 cognoscebat
763 683 1020 726 (mahat)1ne;
1057 685 1090 715 in
1119 683 1210 716 coelo
1241 685 1428 716 coniunctus
1458 691 1507 715 est
1539 694 1612 716 cum
1642 691 1732 716 coetu
1763 687 1895 727 (eorum

1233 740 1386 783 quorum)
1409 740 1566 772 habitatio
1587 742 1620 773 in
1643 741 1814 784 splendore
1835 743 1893 776 rel.

271 806 313 828 ex
335 794 484 829 Robiano
504 808 621 829 scenae
642 797 803 829 secundae
826 795 980 829 nonnulla
1002 796 1204 840 fragmenta,
1232 796 1321 829 velut

400 866 494 899 Vers.
519 869 559 899 38
582 867 658 899 Avo
682 876 764 901 -οττη,
797 864 914 898 Dorum·
934 874 1016 901 *ts-m.
1060 866 1103 898 V.
1124 870 1163 900 41
1190 856 1313 899 Mebar
1335 867 1433 899 bocca
1462 874 1533 911 top:
1565 875 1658 902 'inan
1682 878 1701 900 a
1723 870 1894 903 iuvenibus

270 932 400 964 quaero.
423 923 466 955 V.
478 926 522 955 46
534 922 599 962 'ff
609 927 701 955 em'co
718 926 763 955 iet
778 926 836 955 ain
851 931 903 966 ΤΝ
917 932 959 956 m*
975 931 1051 957 ³:³⁸
1075 932 1142 958 &nn
1167 924 1310 955 medicus
1330 932 1393 966 ego
1408 933 1471 955 non
1487 933 1568 957 sum.
1596 924 1637 956 V.
1654 927 1696 957 50
1708 925 1894 968 Muplmrra

270 972 369 1011 bnon
393 976 558 1011 distincte!
588 980 647 1011 Mn·
664 979 796 1011 vulechi
815 981 928 1011 anna?
949 980 1026 1022 quid
1050 987 1083 1010 et
1100 979 1243 1022 hospites
1265 980 1398 1011 dicunt?
1443 980 1483 1012 V.
1507 983 1547 1012 53
1572 981 1664 1013 Lech
1686 981 1893 1015 lachananim

270 1035 381 1066 tuh-‘ni
406 1035 482 1067 elme
507 1036 550 1069 5:
579 1036 674 1068 *wa-b
708 1035 833 1068 nvansb
865 1035 907 1077 'Tb
935 1036 1008 1066 veni
1038 1035 1078 1066 ad
1107 1041 1317 1074 mercatores,
1354 1037 1388 1067 in
1413 1037 1527 1068 dextra
1548 1046 1620 1068 mea
1643 1038 1732 1079 (est)
1760 1047 1893 1070 summa.

270 1089 313 1122 V.
337 1093 379 1124 56
400 1091 439 1123 Ie
460 1101 534 1125 anm
555 1094 612 1123 rm·
632 1101 705 1122 nam
730 1097 814 1123 aaut<
838 1097 910 1125 riu-5
938 1099 1012 1124 5⁷³&
1036 1099 1098 1124 τινα
1124 1092 1172 1123 vir
1195 1088 1327 1123 ancilla·
1348 1093 1457 1124 videre
1479 1103 1598 1135 rogans
1620 1103 1675 1126 eas
1697 1100 1774 1131 cet.;
1813 1104 1894 1136 quae

270 1150 383 1179 vereor
404 1155 439 1179 ut
459 1149 585 1179 idoneis
607 1149 655 1179 rei
684 1146 813 1178 arbitris
842 1147 971 1188 probari
996 1148 1128 1189 possint.
1652 1142 1655 1147 ’

395 1217 485 1255 Quos
509 1217 662 1248 hactenus
686 1217 832 1248 recensui
855 1227 965 1248 omnes
988 1227 1030 1248 ex
1052 1215 1164 1259 lingua
1182 1215 1350 1255 Hebraea,
1379 1217 1516 1250 subinde
1531 1220 1564 1250 in
1583 1217 1761 1251 subsidium
1782 1230 1891 1252 vocato

271 1272 479 1306 Chaldaismo
501 1280 533 1305 et
554 1273 735 1315 Syriasmo,
766 1284 947 1305 sermonem
970 1273 1126 1305 Punicum
1148 1271 1366 1313 illustrarunt,
1404 1280 1436 1305 et
1456 1281 1541 1305 recte
1565 1276 1703 1317 quidem.
1746 1275 1891 1319 Longius

271 1342 290 1362 a
319 1341 395 1370 vero
425 1329 631 1371 aberrarunt,
668 1330 722 1372 qui
751 1327 803 1360 vel
831 1329 871 1361 ad
901 1336 1041 1362 veterem
1069 1329 1275 1361 Arabismum
1308 1329 1536 1372 confugerent,
1578 1338 1612 1362 ut
1638 1330 1801 1370 Casii-ius,
1840 1334 1892 1374 qui

272 1385 371 1427 (bibl.
401 1385 557 1418 Escurial.
586 1385 625 1417 T.
650 1384 690 1419 Π.
725 1397 755 1428 p.
777 1385 839 1426 2⁷)
866 1385 946 1417 duos
977 1387 1100 1428 priores
1129 1397 1240 1418 versus
1269 1397 1311 1417 ex
1341 1385 1469 1418 arabico
1497 1383 1659 1419 illustrare
1681 1387 1803 1426 studet,
1842 1386 1892 1419 vel

272 1444 352 1475 adeo
369 1442 588 1475 Melitensium
610 1443 730 1474 idioma
752 1443 799 1483 (ξ.
816 1443 858 1483 6)
881 1449 1098 1481 arcesserent,
1130 1449 1164 1474 ut
1181 1443 1293 1485 Agim·
1314 1443 1354 1474 de
1378 1441 1533 1474 Saldanis
1556 1443 1809 1484 (dissertazione
1822 1445 1891 1475 cioe

272 1510 348 1531 vera
378 1500 588 1542 spiegazioue
617 1497 702 1530 della
729 1509 825 1530 scena
855 1498 940 1530 della
963 1500 1106 1530 comedia
1129 1499 1161 1530 di
1185 1498 1298 1530 Plauto
1320 1499 1353 1530 in
1378 1497 1532 1530 Poenulo.
1563 1497 1684 1530 Romae
1709 1501 1800 1531 1751.
1824 1501 1891 1542 4.):

221 1590 224 1591 ⁷
271 1565 312 1587 ue
333 1566 444 1587 eorum
466 1556 591 1587 sumnia
614 1565 786 1586 memorem
797 1577 807 1593 ‚
838 1556 890 1596 qui
913 1565 931 1586 e
946 1555 1132 1587 Vasconum
1149 1561 1180 1586 et
1197 1554 1373 1586 Hiberniae
1387 1554 1508 1597 linguis
1525 1554 1601 1586 huic
1617 1565 1734 1586 causae
1750 1558 1892 1587 succurri

272 1623 365 1654 posse
395 1613 516 1654 opinati
546 1617 637 1649 sunt‘,
675 1618 709 1642 ut
737 1610 794 1643 Ch.
825 1611 998 1652 Vallencey
1026 1610 1120 1653 (pag.
1141 1611 1248 1652 342),
1280 1611 1320 1643 de
1343 1609 1499 1643 I'Eclure
1531 1613 1723 1653 grammaire
1754 1611 1891 1654 Basque,

271 1667 437 1700 Toulouse
462 1671 553 1700 1826.
576 1671 605 1700 8.
643 1667 912 1699 Bartholomaeus
935 1668 975 1700 de
998 1666 1105 1699 Sama
1133 1667 1253 1699 Teresa
1279 1668 1361 1710 apud
1385 1666 1564 1699 Robianum
1587 1678 1615 1710 p.
1631 1670 1691 1706 78,
1715 1668 1754 1699 de
1779 1667 1892 1710 quibus

272 1725 432 1766 copiosius
454 1724 574 1756 referre
600 1725 696 1766 piget.

1026 1802 1054 1839 ς.
1087 1803 1137 1830 11.

542 1866 799 1909 Scripturae
828 1870 1026 1910 varietur
1056 1871 1098 1899 iu
1129 1866 1260 1899 librie
1288 1877 1406 1900 manu
1433 1871 1627 1913 scriptis.

404 1943 593 1975 Pei-censitis
621 1943 671 1975 his
697 1946 899 1986 superiorum
922 1945 1129 1985 interpretum
1154 1942 1341 1981 conatibus,
1379 1951 1547 1986 antequam
1571 1951 1679 1975 nostra
1702 1946 1734 1975 in
1758 1943 1893 1986 singulis

274 1999 416 2043 pericula
439 2001 633 2032 eruditorum
652 2000 815 2032 hominum
832 2000 966 2032 arbitrio
980 2001 1208 2042 permittimus,
1232 2006 1306 2030 ante
1325 2001 1431 2031 omnia
1450 2000 1490 2032 de
1506 2000 1650 2032 codicum
1666 2000 1893 2032 plautinorum

274 2058 398 2088 ratione
436 2063 467 2087 et
494 2058 649 2098 scriptura
679 2057 851 2088 videndum
883 2057 961 2095 crit,
1005 2057 1094 2086 cuius
1123 2057 1169 2086 rei
1201 2055 1242 2086 ab
1270 2055 1419 2087 omnibus
1447 2056 1640 2088 Punicorum
1671 2056 1894 2098 interpretibus

275 2112 439 2155 neglectae
461 2112 490 2153 *)
515 2123 553 2143 eo
577 2113 678 2144 maior
699 2119 748 2144 est
769 2114 801 2143 in
827 2112 886 2143 hac
908 2123 942 2143 re
965 2113 1156 2150 auctoritas,
1184 2123 1245 2154 qno
1267 2113 1384 2143 certius
1407 2119 1455 2143 est
1476 2113 1680 2155 omniumque
1703 2111 1892 2144 Criticorum

274 2180 434 2201 consensu
472 2168 698 2210 approbatum,
738 2168 956 2200 Plautinarum
993 2167 1174 2199 fabularum
1215 2167 1380 2210 exempla,
1418 2167 1534 2200 nedum
1575 2167 1724 2201 Punicam
1761 2167 1893 2199 Poenuli

276 2227 473 2263 orationem,
503 2214 706 2256 librariorum
729 2226 856 2257 inscitia
876 2232 907 2255 et
928 2225 1054 2255 incuria
1083 2234 1203 2255 naevos
1233 2225 1431 2256 contraxisse
1461 2226 1530 2256 sine
1551 2227 1762 2267 antiquiorum
1786 2223 1894 2255 melio-

279 2292 411 2324 rumque
441 2280 597 2314 librorum
626 2281 749 2314 auxilio
779 2283 834 2314 vix
866 2279 1037 2312 sanabiles.
1082 2279 1188 2323 Atque
1211 2288 1284 2312 octo
1308 2282 1448 2322 priorum
1472 2279 1576 2312 Plauti
1598 2280 1776 2311 fabularum
1800 2290 1893 2322 quum

279 2337 423 2378 permulti
453 2339 580 2370 codices
609 2345 752 2376 exstent,
782 2337 948 2369 duodecim
971 2338 1185 2379 posteriores,
1219 2338 1252 2368 in
1282 2337 1399 2380 quibus·
1421 2336 1579 2368 Poenulus
1615 2343 1682 2374 est,
1712 2337 1838 2367 nonnisi
1863 2337 1894 2366 in

279 2392 380 2424 tribus
408 2394 572 2426 codicibus
606 2406 702 2425 manu
731 2395 858 2436 scriptis
888 2394 1025 2435 integris
1053 2394 1272 2435 reperiuntur,
1309 2395 1342 2424 in
1366 2392 1488 2424 duobus
1523 2391 1678 2424 Palatinis
1707 2390 1894 2429 Camerarii,

280 2460 412 2491 quorum
443 2461 524 2482 unns
552 2462 578 2482 s.
611 2458 733 2488 „vetus
763 2451 865 2481 codex
876 2452 899 2468 “
931 2460 1047 2482 omnes
1071 2448 1196 2482 fabulas
1226 2450 1392 2481 continens
1422 2459 1506 2480 nunc
1528 2447 1649 2479 Romae
1673 2455 1739 2486 est,
1771 2446 1850 2478 alter
1869 2458 1894 2477 s·

331 2564 355 2598 ⁸)
382 2566 535 2599 Scripturae
555 2567 713 2593 varietatem
731 2574 766 2592 ex
789 2566 939 2599 praecipuis
963 2564 1037 2591 libris
1057 2564 1150 2597 editis,
1181 2573 1293 2599 quorum
1322 2564 1428 2597 quidem
1447 2563 1591 2590 auctoritas
1612 2565 1659 2590 vel
1679 2563 1834 2589 secundaria
1854 2563 1899 2590 vel

283 2613 354 2638 nulla
373 2618 429 2645 est,
454 2614 526 2639 dedit
545 2614 746 2641 Bellen-mannus
767 2623 791 2647 p.
815 2616 857 2639 2¹.
877 2615 920 2638 22.

1412 2664 1454 2692 46
