2242 2976
737 272 778 306 A.
821 271 987 306 PUNICA
1009 272 1131 306 APUD
1152 272 1383 307 PLAUTUM.
1798 276 1873 313 357

253 374 324 402 ἤθη
346 367 462 414 (Ηῆξῇ)
495 367 526 407 1)
549 367 690 398 Tana'itis
719 379 745 398 s.
778 368 881 399 Diana
903 370 1028 399 Persica

294 421 358 463 (=
373 420 515 464 Ἄρτεμις
541 421 658 452 Athen.
680 421 788 462 biling.
813 424 850 460 1,
878 420 937 462 1),
973 423 1028 461 dea
1064 438 1065 441 =

292 475 429 506 caelestis
454 473 644 515 carth-ginis
660 475 815 504 Romanae
828 496 838 511 ,
862 474 969 505 Carth.
991 478 1024 512 2,

294 531 324 557 1.
350 531 382 565 3,
401 530 430 558 1.
457 531 490 565 ὁ,
510 531 539 564 1.
580 527 633 558 cf.
655 534 779 560 nzn'mzv
796 525 912 557 Athen.
939 529 970 565 1,
994 530 1024 558 1.

1091 381 1094 387 ¹
1139 369 1172 410 2)
1195 370 1271 400 fort.
1290 370 1399 411 Tingis
1412 370 1611 401 Mam-ianuae
1635 380 1667 401 v.
1686 383 1771 404 num.
1785 374 1870 405 Sext.

1137 422 1182 453 N.
1198 424 1235 452 P.
1261 423 1302 453 cf.
1319 434 1388 463 pag.
1405 425 1479 454 309.
1496 424 1570 454 310.

1096 485 1118 507 n
1132 483 1234 508 :nzn
1256 487 1288 506 v.
1304 486 1372 516 pag.
1394 479 1469 506 310.

1097 534 1172 561 Vin
1196 528 1330 565 Tarsus,
1364 528 1490 558 Ciliciae
1513 529 1606 568 urbs,
1630 540 1716 564 num.
1739 531 1828 562 'Pax-a.

734 745 985 779 CAPUT
1030 746 1160 779 TER
1188 746 1389 808 TIUM.

250 822 625 882 PHOENICIAE
655 812 926 861 LINGUAE
959 823 1289 868 RELIQUIAE
1321 824 1477 862 APUD
1504 825 1869 864 SCRIPTORES

701 891 1087 929 GRAECOS'ET
1111 891 1418 930 ROMANOS.

1032 992 1078 1023 A.

577 1050 1121 1091 PUNICA'APUD
1162 1059 1546 1095 PLAUTUM.

996 1145 1025 1183 §-
1062 1146 1113 1176 10.

690 1212 840 1244 {Varia
867 1215 1153 1254 interpretum
1182 1215 1410 1245 conamina.

374 1289 513 1321 Punicae
536 1290 690 1322 orationis
712 1288 820 1331 paullo
841 1287 1000 1331 longioris
1021 1294 1053 1319 et
1075 1288 1244 1320 continuae
1276 1288 1426 1331 (praeter
1447 1290 1673 1332 inscriptiones
1696 1291 1868 1332 Erycinam

248 1353 279 1379 et
298 1345 526 1390 Tuggensem)
551 1346 680 1377 unicum
702 1345 863 1388 specimen
887 1344 1042 1376 habemus
1066 1346 1100 1376 in
1123 1343 1323 1376 nobilissima
1342 1344 1447 1377 Plauti
1461 1344 1587 1385 fabula,
1612 1357 1692 1390 quae
1707 1346 1870 1378 Poenulus

244 1402 447 1441 inscribitur,
474 1401 531 1434 ubi
554 1408 644 1434 actus
667 1403 769 1445 quinti
791 1412 887 1433 scena
910 1402 1015 1444 prima
1036 1398 1143 1433 decem
1165 1400 1323 1433 habentur
1344 1403 1460 1444 integri
1481 1413 1592 1434 verme
1615 1392 1728 1434 Punici
1741 1403 1869 1435 Latinis

244 1458 360 1492 litteris
382 1459 491 1502 scripti
522 1457 655 1502 (reliqui
678 1459 764 1490 enim
786 1469 845 1490 sex
866 1457 1114 1500 Libyphoenicii
1135 1464 1226 1496 sunt,
1265 1459 1292 1496 §-
1310 1458 1386 1500 13),
1423 1458 1538 1502 quibus
1558 1469 1655 1491 scena
1674 1460 1815 1491 secunda
1836 1466 1868 1491 et

245 1504 341 1547 tertia
363 1516 616 1559 quattuordecim
638 1515 793 1547 accedunt
813 1514 979 1546 breviores
1001 1515 1178 1546 sententiae
1199 1513 1318 1545 Latino
1342 1514 1469 1558 dialogo
1491 1516 1707 1547 intermixtae.

370 1571 409 1604 In
439 1571 492 1603 his
519 1572 634 1614 partim
663 1570 861 1614 refingendis
890 1572 1004 1613 partim
1027 1571 1273 1612 interpretandis
1296 1576 1327 1601 et
1350 1571 1390 1603 ad
1411 1571 1540 1614 liuguae
1562 1571 1732 1604 Hebraeae
1758 1571 1867 1604 analo-

244 1630 331 1672 giam
354 1629 543 1661 revocandis
564 1629 639 1661 iude
662 1639 682 1660 a
703 1627 768 1660 Ios.
790 1628 1012 1666 Scanrenno.
1026 1628 1081 1670 qui
1102 1626 1258 1666 „Poenuli
1283 1627 1453 1659 dictionem
1470 1628 1510 1660 ab
1530 1627 1716 1660 Hebraismi
1729 1629 1867 1671 puritate

244 1695 357 1727 parum
386 1685 500 1717 abesse
509 1688 532 1704 “
560 1684 777 1717 affirmaverat
799 1685 892 1727 (pag.
917 1684 1020 1725 352),
1052 1682 1201 1726 permulti
1224 1684 1435 1723 desudarunt,
1464 1683 1540 1716 licet
1560 1684 1689 1727 plurimi
1712 1684 1867 1717 nonnulla

245 1749 369 1773 tantum
390 1740 549 1773 vocabula
569 1739 804 1782 nonnullasque
826 1741 1001 1772 sententias
1019 1741 1193 1783 attigerunt
1207 1741 1254 1781 ⁸),
1278 1741 1444 1782 pauciores
1465 1741 1572 1772 omnia
1588 1742 1683 1772 trium
1699 1752 1866 1773 scenarum

244 1798 366 1830 Punica
394 1798 633 1840 interpretanda
662 1797 725 1828 sibi
754 1803 967 1838 sumpserunt.
1025 1796 1129 1839 Atque
1157 1796 1270 1827 horum
1295 1797 1423 1838 quidem
1445 1798 1592 1839 princeps
1617 1798 1794 1830 censendus
1816 1806 1866 1830 est

244 1854 382 1887 Sumen
404 1854 569 1893 Parmos,
601 1854 654 1896 qui
674 1854 707 1884 in
721 1852 1009 1885 Miscellaneorum
1033 1852 1128 1884 libris
1149 1862 1261 1884 novem
1292 1852 1445 1894 (Parisiis
1467 1856 1561 1885 1630.
1590 1856 1630 1893 4)
1662 1865 1691 1896 p.
1717 1857 1757 1886 58
1781 1865 1861 1896 sqq„

244 1913 341 1943 trium
361 1920 530 1942 scenarum
550 1910 671 1941 Punica
693 1909 733 1940 ad
747 1909 855 1940 ‘verba
887 1908 1039 1941 Hebraea
1059 1910 1222 1940 revocavit
1249 1915 1281 1940 et
1309 1909 1426 1940 Latine
1450 1908 1629 1949 transtulit,
1659 1921 1752 1953 quam
1765 1911 1865 1942 inter-

243 1968 453 2010 pretationem
474 1966 590 1998 additis
617 1967 713 1997 etiam
739 1964 895 1997 Goldaeti
913 1967 946 1997 in
970 1964 1085 1997 multos
1108 1975 1219 1996 versus
1242 1964 1392 2007 periculis
1414 1964 1586 1998 illustravit
1607 1967 1750 2009 adeoque
1772 1977 1866 2008 para-

244 2023 355 2066 phrasi
376 2024 501 2065 poetica
524 2021 730 2065 amplificavit
750 2023 802 2055 Io.
826 2022 919 2054 Phil.
941 2023 1071 2054 Parem
1093 2022 1125 2053 in
1149 2020 1261 2053 Plauto
1285 2023 1413 2053 tertium
1436 2033 1455 2053 a
1477 2033 1511 2053 se
1535 2023 1620 2054 edito
1644 2023 1865 2063 (Franeofurti

245 2083 338 2112 ¹641.
362 2082 391 2111 8.
407 2080 488 2121 **)),
518 2081 718 2121 repetierunt
738 2078 846 2122 plures
870 2078 973 2111 Plauti
995 2078 1145 2115 editores,
1168 2084 1203 2109 ut
1219 2076 1437 2117 Boxhornffl,
1461 2077 1651 2121 operarius,
1670 2078 1863 2117 Gronovius;

294 2199 330 2234 ⁸¹)
361 2199 512 2225 Videantur
543 2207 607 2233 prae
638 2198 736 2225 ceteris
766 2201 815 2224 Im.
844 2200 957 2231 Scaliger
987 2199 1021 2225 ad

244 2248 340 2284 fragm.
370 2248 535 2274 Graecorum
559 2257 587 2282 p.
613 2249 655 2274 32.
699 2249 804 2273 Aldrete
831 2247 1033 2282 antiguedades'

244 2306 271 2330 p.
293 2298 354 2324 207.
387 2297 536 2325 Io.,821‹1en
562 2296 596 2322 de
615 2295 655 2322 dis
672 2294 758 2329 Syris.
778 2297 899 2332 prolegg.
920 2298 1020 2330 cap.·2

246 2343 413 2378 (explicatur
430 2344 501 2371 Vers
516 2343 559 2376 1).
597 2345 681 2378 steph.
700 2347 723 2369 le
740 2346 836 2377 Moyne
855 2344 931 2372 varia
944 2353 1020 2371 sacra

245 2402 272 2426 p.
299 2393 358 2418 100.
379 2393 439 2419 113.
472 2394 550 2426 Hyde
575 2393 608 2418 ad
635 2392 752 2420 Peritsol
776 2401 802 2426 p.
822 2391 865 2420 45.
910 2395 1019 2418 Reinesii

245 2437 426 2474 ἵστοροῦμενα
447 2440 555 2477 linguae
581 2440 698 2467 Punicae
723 2449 780 2474 cap.
803 2442 844 2467 12.
883 2442 1019 2467 Venhusen

247 2488 293 2514 das
319 2487 454 2514 Hohelied
479 2488 627 2523 Salomo's‚
657 2489 834 2515 Braunschw.
857 2490 932 2516 1786.
957 2498 1017 2525 pag.

245 2539 295 2562 271
317 2543 375 2570 sqq.
412 2537 445 2563 Ο.
461 2537 495 2564 G.
510 2539 621 2570 Tychun
639 2537 667 2563 in
687 2537 772 2563 Novis
786 2537 862 2563 Actis
876 2536 1017 2571 Upsalien-

247 2584 319 2609 sibus
351 2583 414 2610 Vol.
437 2583 490 2610 VlI
518 2592 576 2620 pag.
602 2587 660 2612 100.
689 2587 753 2618 101,
787 2585 883 2620 aliique
907 2586 1017 2613 minoris

245 2630 391 2664 momenti,
416 2639 484 2665 quos
501 2633 590 2659 laudat
607 2633 743 2660 Fabricius
764 2633 828 2661 bibl.
846 2635 890 2664 lat.
913 2633 926 2660 I
947 2644 972 2668 p.
993 2635 1017 2668 5,

1090 2201 1117 2224 et
1131 2201 1193 2231 post
1206 2206 1267 2223 eum
1279 2197 1365 2223 Plauti
1378 2197 1466 2225 editor
1475 2198 1636 2233 Biponu‘nus
1648 2199 1712 2225 Vol.
1720 2197 1733 2223 1
1748 2207 1774 2232 p.
1781 2199 1861 2225 XIX.

1140 2245 1179 2278 **)
1196 2245 1228 2272 In
1246 2245 1331 2280 prima
1350 2250 1376 2272 et
1396 2247 1513 2273 secunda
1531 2246 1648 2273 editione
1670 2247 1763 2279 (1610.
1783 2247 1808 2272 8.
1835 2250 1862 2272 et

1089 2294 1202 2328 Neapoli
1224 2295 1365 2321 Nemetum
1391 2293 1532 2327 1619214.)
1555 2296 1654 2321 Pareus
1676 2303 1770 2328 parum
1795 2294 1862 2320 scite

1088 2347 1191 2369 textum
1227 2343 1359 2370 Punicum
1391 2343 1607 2377 transscripserat
1636 2342 1742 2376 quidem
1766 2342 1860 2368 litteris

1087 2391 1211 2417 hebraeis
1233 2392 1353 2425 adeoque
1370 2392 1510 2417 vocalibus
1527 2391 1695 2424 muniverat,
1727 2391 1773 2417 sed
1792 2398 1860 2424 quae

1087 2439 1161 2465 dedit
1177 2447 1232 2466 non
1252 2439 1336 2475 magis
1354 2439 1480 2467 Semitica
1501 2443 1578 2472 sunt,
1610 2448 1687 2473 quarn
1707 2438 1796 2465 Sinica
1814 2442 1860 2464 aut

1086 2487 1238 2523 Mogolica,
1256 2492 1285 2514 ut
1302 2488 1359 2521 ipse
1380 2488 1510 2520 fateatur,
1537 2495 1566 2514 se
1582 2487 1741 2521 paucissima
1757 2491 1858 2512 tantum

1084 2540 1217 2566 vocabula
1231 2539 1278 2573 (v.
1293 2548 1315 2565 c.
1335 2530 1431 2563 :1³:⁴29
1450 2539 1529 2566 Vers-
1542 2538 1576 2570 1)
1589 2538 1757 2571 interpretari
1768 2546 1857 2571 posse.

1085 2587 1138 2614 Hic
1162 2588 1244 2623 igitur
1262 2596 1296 2614 ex
1318 2587 1491 2620 interpretum
1512 2594 1624 2613 numero
1642 2587 1719 2620 plane
1738 2585 1851 2612 eximen-

1086 2636 1135 2662 dus
1152 2640 1201 2662 est.
