2242 2976
754 262 793 295 A.
839 258 1001 296 rUMCA
1024 261 1157 320 APUD·
1165 257 1396 297 'PLA'UTUM
1813 265 1886 300 373

261 366 338 407 «ψῃ
367 356 588 399 (indicat-sm)
626 356 710 399 apud
740 355 1018 394 Bellermannum3
1056 365 1243 400 quanquam
1276 358 1310 389 ia
1337 365 1382 390 ‘eo
1408 364 1424 390 t
1453 363 1613 390 servatum
1643 363 1701 389 est.
1740 372 1783 380 -—
1835 357 1886 388 Ad

258 416 454 446 sententiam
482 413 525 445 ef.
553 422 599 446 se.
619 416 655 452 2,
685 416 745 445 82:
775 412 967 445 Antidamae
989 412 1111 452 filium,
1148 412 1293 452 Quaero.
1312 420 1549 453 commonstra,
1584 415 1613 446 si
1634 414 1772 451 nov-isti,
1799 411 1886 455 Ago-

259 469 443 503 mstoclem.
482 469 626 513 Ecquem
644 468 882 502 adolescentem
902 476 937 501 tu
961 469 1014 501 hic
1036 470 1154 501 nevisti
1175 469 1439 512 Agorastoclem?

1013 536 1041 576 5.
1087 539 1137 569 13.

696 591 758 626 D'e
795 592 993 626 versibus
1035 591 1142 635 Liby
1163 611 1177 618 -
1199 592 1460 627 Phoeniciis.

937 662 975 679 sc.
992 652 1013 678 1.
1036 661 1067 680 v.
1088 651 1213 680 11—1'6.

391 701 442 734 De
463 702 515 734 bis
537 700 670 734 vocibus
691 701 812 744 primus
834 709 942 733 veram
965 702 1156 734 senteutiam
1180 702 1264 734 dixit
1287 700 1507 743 nocuimus,
1536 704 1627 735 cuius
1643 703 1741 736 verba
1760 704 1884 747 integra

262 758 493 792 adscribimus:
535 757 631 798 „Vir
651 756 869 800 amplissimus
891 755 933 789 D.
955 756 998 788 D.
1022 757 1142 790 Sarrau
1168 758 1295 790 monuit
1320 768 1371 790 me
1395 769 1453 801 per
1475 758 1598 791 litteras
1626 759 1729 791 virum
1751 761 1884 792 maximi

260 816 402 847 nominis
425 815 464 847 de
486 814 617 847 Punicis
641 813 787 846 versibus
810 814 865 855 qui
888 813 1046 846 habentur
1068 815 1162 846 initio
1189 814 1289 846 Actus
1319 816 1419 858 quinti
1441 816 1488 847 sic
1509 822 1660 848 statuere.
1711 813 1768 848 Bis
1790 817 1823 847 in
1842 815 1885 848 iis

261 872 292 903 iu
323 873 429 914 ipsum
460 870 581 903 Punico
613 871 690 913 poni
718 881 761 902 ex
789 868 910 912 duplici
938 870 1118 913 scripture,
1155 872 1238 914 qnod
1266 873 1373 903 statim
1396 870 1512 904 Latine
1536 870 1712 904 subiicitur.
1757 871 1827 915 Ego
1851 882 1884 903 re

259 938 417 971 perpensa
445 927 644 966 accuratius,
693 925 800 958 sentio
831 937 849 957 e
880 926 1022 957 sedecim
1052 927 1203 960 'versibus
1237 927 1348 959 decem
1381 930 1504 970 priores
1533 938 1605 960 esse
1636 927 1794 967 Punicos,
1826 938 1885 959 sex

260 984 456 1026 posteriores
478 983 640 1023 Libycos,
669 983 703 1013 in
724 983 868 1024 utrisque
891 981 1003 1013 baberi
1025 987 1106 1024 quae
1127 983 1161 1013 in
1178 982 1305 1015 Latinis
1322 985 1487 1023 undecim,
1512 984 1626 1027 quibus
1643 991 1771 1016 scenam
1787 982 1884 1015 Poeta

260 1039 391 1073 claudit.
437 1038 557 1079 Punice
579 1039 729 1069 nimirum
749 1043 784 1068 et
804 1035 928 1078 Libyce
950 1035 1084 1079 loquens
1106 1037 1225 1069 Hanno
1247 1038 1374 1071 Poenus
1403 1041 1564 1072 inducitur
1578 1063 1588 1079 ‚
1620 1041 1693 1083 quia
1717 1047 1883 1082 utrumque

260 1097 381 1128 idioma
405 1091 522 1127 Poenis
545 1101 613 1126 erat
632 1094 667 1125 in
689 1096 782 1125 usn“
806 1094 938 1136 (geogr.
960 1103 1053 1125 sacra
1074 1092 1116 1133 Π,
1141 1104 1167 1126 c.
1182 1096 1212 1126 6.
1235 1103 1266 1136 p.
1282 1095 1375 1136 720).
1406 1094 1457 1127 Cf.
1476 1106 1574 1138 supra
1588 1104 1658 1139 pag.
1674 1098 1716 1128 ⁴12
1739 1097 1883 1137 noum).

227 1147 230 1149 “
259 1152 303 1184 ⁴Et
326 1158 492 1195 postquam
517 1152 626 1182 decem
647 1158 761 1181 versus
782 1148 922 1181 Punicos
945 1148 1135 1191 explicavit:
1163 1149 1260 1188 „Iam
1272 1148 1308 1181 in
1323 1150 1365 1183 iis
1379 1158 1461 1194 quae
1476 1158 1651 1194 sequuntur
1665 1159 1723 1184 sex
1738 1150 1883 1183 versibus

257 1207 463 1252 longioribus
484 1208 597 1239 eadem
620 1217 701 1250 qnae
723 1216 818 1248 supra
841 1206 941 1248 repeti
963 1204 1064 1237 multa
1082 1200 1231 1237 suadent.
1275 1209 1304 1239 1.
1324 1204 1455 1239 Initium
1471 1206 1586 1239 simile.
1622 1206 1706 1239 Nam
1722 1219 1739 1238 e
1755 1207 1884 1239 Punicis

259 1264 348 1306 Nyth
384 1263 505 1295 alonim
535 1262 689 1295 valonutb
717 1262 858 1295 sicorath
882 1265 943 1294 cet.
977 1260 1061 1293 haec
1083 1262 1230 1303 proxime
1256 1262 1411 1294 recedunt
1430 1261 1603 1295 Exanolim
1626 1262 1761 1295 volanus
1784 1265 1885 1295 siccu-

260 1322 355 1354 ratim
379 1326 443 1352 etc.
491 1323 522 1352 2.
553 1318 650 1358 Quod
677 1316 921 1351 Antidamaschi
960 1308 993 1349 et
1028 1316 1248 1360 Agorastoclis
1283 1328 1311 1350 s.
1351 1318 1520 1351 A'rist‘oclis
1555 1320 1687 1351 nomina
1716 1319 1884 1361 utrobique

260 1376 412 1420 leguntur
441 1377 474 1407 in
502 1375 633 1418 paribus
662 1386 761 1418 prope
789 1373 990 1406 intervallis«
1031 1374 1062 1405 3.
1099 1372 1195 1412 Quod
1224 1375 1334 1407 decem
1366 1385 1513 1407 versuum
1544 1383 1623 1418 quos
1652 1374 1883 1417 explicavimus

259 1433 392 1466 ultimus
426 1431 530 1475 palam
559 1431 678 1464 claudit
706 1431 903 1463 orationem:
942 1433 1035 1463 venit
1062 1430 1185 1473 ‘aliquis
1207 1441 1273 1473 per
1299 1426 1480 1471 has'soree
1513 1432 1613 1473 (ἤπιοι
1638 1417 1723 1463 εἱτνὶ
1747 1437 1822 1462 sunt
1843 1431 1883 1462 ad

259 1488 409 1533 portam)
436 1498 511 1521 ecce
532 1490 623 1521 illum
642 1486 767 1531 rogabo
789 1485 944 1530 numquid
965 1485 1223 1530 (Agorastoclis)
1247 1496 1361 1520 nomen
1382 1492 1522 1520 noverit.
1566 1488 1603 1520 Si
1620 1488 1695 1530 quid
1709 1486 1884 1518 addidisset

260 1545 402 1585 nanno,
431 1543 482 1576 illi
504 1545 656 1587 periisset
678 1545 806 1576 occasio
826 1543 990 1576 hominem
1005 1545 1226 1577 conveniendi.
1267 1542 1379 1587 itaque
1393 1551 1562 1587 sequentes
1578 1553 1690 1575 versus
1704 1541 1750 1574 nil
1764 1553 1882 1574 novum

264 1602 428 1635 exhibent.
481 1600 624 1633 'fantum
652 1601 780 1632 diversa
807 1598 917 1643 lingua
953 1600 1040 1631 idern
1066 1601 1236 1642 repetitur.
1286 1604 1317 1633 4.
1342 1598 1465 1632 Eodem
1488 1599 1565 1632 facit
1586 1599 1671 1642 quod
1692 1597 1825 1631 Plautus
1849 1600 1881 1629 in

262 1660 381 1691 Latina
403 1659 550 1690 versione
572 1657 674 1689 solum
698 1657 758 1689 hos
781 1656 890 1688 decem
913 1665 1025 1688 versus
1047 1658 1197 1698 exponit,
1227 1664 1262 1688 ut
1284 1668 1325 1688 ex
1348 1655 1518 1688 collatione
1539 1656 1764 1699 probavimus,
1787 1655 1881 1685 etiam

262 1715 387 1758 aliquos
416 1715 639 1756 expositurus,
672 1715 704 1745 si
727 1714 801 1755 quid
821 1712 909 1744 aliud
932 1715 964 1744 in
987 1714 1028 1744 iis
1049 1712 1233 1744 haberetur.
1278 1712 1402 1744 Tamen
1427 1720 1497 1744 eum
1520 1712 1554 1757 bi
1577 1721 1687 1743 versus
1711 1722 1730 1742 a
1752 1721 1882 1754 praece-

262 1771 413 1803 dentibus
435 1771 555 1802 distent
575 1770 767 1800 immensum
790 1776 960 1811 quantum,
986 1768 1062 1800 illos
1084 1778 1147 1800 nun
1167 1770 1328 1811 scriptura
1345 1775 1488 1808 tantum,
1526 1769 1582 1800 sed
1602 1774 1636 1799 et
1656 1767 1725 1798 tota
1746 1766 1882 1799 dialecto

262 1828 394 1859 differre
423 1833 515 1868 puto,
553 1832 647 1867 atque
678 1825 710 1857 id
739 1827 842 1867 ipsum
865 1824 988 1866 Libyce
1012 1825 1128 1856 effenre
1147 1825 1235 1867 quod
1255 1825 1377 1857 >Punice
1395 1825 1510 1856 §eoem
1533 1826 1666 1867 priores.
1710 1822 1755 1855 Ut
1777 1822 1882 1854 oleum

262 1891 295 1915 et
331 1893 461 1926 operam
496 1883 630 1924 perdant
667 1888 820 1924 quotquot
856 1881 915 1913 bos
948 1892 1058 1912 versus
1093 1887 1147 1912 ex'
1165 1880 1317 1913 Hebraea
1345 1880 1455 1924 lingua
1483 1887 1638 1913 conantur
1667 1879 1881 1922 interpretari.

262 1940 450 1973 Hebraismi
485 1944 570 1971 certe
612 1939 780 1980 vestigium
817 1939 850 1968 in
882 1938 922 1969 iis
956 1936 1077 1968 nullum
1106 1948 1262 1980 agnosco,
1299 1938 1360 1970 nisi
1390 1937 1474 1980 quod
1504 1938 1608 1979 prima
1636 1937 1735 1969 verba
1764 1936 1883 1967 anolim

262 1998 398 2030 calvum
427 1997 576 2028 videntur
605 2004 677 2026 esse
699 2001 846 2036 corrupta
868 2004 909 2024 ex
934 1994 1062 2026 Punicis
1092 1996 1212 2027 alonim
1241 1993 1407 2027 valonam.
1453 1993 1517 2025 Sed
1547 1992 1627 2025 haec
1655 1999 1730 2025 sunt
1751 1993 1882 2024 deorum

263 2055 412 2092 nomina,
439 2063 520 2095 quae
545 2051 642 2082 Poeni
664 2049 759 2081 facile
783 2057 954 2092 potuerunt
975 2051 1008 2081 in
1031 2050 1185 2092 Libycam
1208 2050 1350 2093 linguam
1366 2049 1591 2081 transfundere
1613 2049 1712 2091 (ibid.
1729 2060 1758 2091 p.
1773 2050 1883 2087 726).“

263 2111 303 2142 Ei
325 2110 582 2152 subscripserunt
610 2107 744 2138 Walton
767 2108 799 2137 iu
823 2105 963 2149 prolegg.
986 2107 1025 2138 ad
1047 2106 1125 2140 bibl.
1148 2105 1267 2149 polygl.
1290 2116 1344 2138 uo·
1369 2108 1418 2139 17.
1455 2105 1591 2137 Grotius
1612 2107 1704 2147 epist.
1719 2106 1758 2136 ad
1774 2103 1883 2135 Gallos

262 2178 335 2209 pag.
367 2168 441 2197 116.
487 2163 625 2196 Salmas.
649 2163 690 2194 ad
714 2161 817 2193 Solin.
842 2166 872 2201 1,
897 2165 946 2194 18.
990 2163 1148 2206 Adelung
1168 2162 1374 2194 Mithridates
1395 2162 1423 2201 l,
1447 2172 1517 2204 pag.
1539 2164 1600 2194 335
1623 2168 1656 2192 et
1677 2172 1718 2193 ex
1740 2160 1881 2192 locorum

265 2222 455 2254 Punicorum
471 2219 696 2262 interpretibus
714 2219 871 2258 Clericus,
899 2218 1135 2261 Verbo-aggius,
1152 2217 1367 2262 Sappulmus:
1388 2216 1534 2261 neglecta
1548 2218 1735 2259 desertaque
1752 2216 1882 2258 egregia

246 2304 248 2307 ,
265 2278 324 2310 hac
346 2278 570 2310 observatione
593 2283 717 2308 veteres
739 2286 864 2306 errores
886 2282 1081 2306 renovarunt
1097 2274 1343 2307 Bellermannus
1358 2281 1390 2306 et
1404 2273 1579 2306 Robiauus.
1625 2272 1688 2310 Qui
1704 2282 1881 2314 quanquam

267 2333 317 2365 vel
333 2335 402 2376 ipso
419 2344 570 2366 successu
582 2343 693 2375 parum
708 2342 872 2374 prospero,
887 2342 948 2373 quo
964 2332 995 2362 in
1011 2330 1062 2362 his
1079 2329 1226 2363 versibus
1241 2331 1280 2363 ad
1296 2326 1474 2374 analogiam
1483 2329 1677 2361 Hebraicam
1693 2329 1881 2360 revocandis

264 2392 316 2421 usi
338 2396 423 2428 sunt,
446 2400 574 2421 eausam
598 2399 688 2420 suam
712 2387 839 2419 defendi
862 2398 926 2418 non
940 2398 1033 2429 posse
1053 2388 1247 2427 docuerunt,
1270 2383 1423 2419 nonnulla
1439 2394 1543 2417 tamen
1561 2392 1748 2427 argumenta
1764 2384 1880 2416 addere

266 2445 380 2487 placet,
393 2446 506 2488 quibus
514 2445 666 2477 Bocharti
680 2445 838 2476 sententia
848 2444 976 2486 egregie
987 2441 1201 2475 confirmatur.
1222 2441 1350 2475 Etenim
1362 2447 1391 2475 1.
1407 2445 1440 2474 in
1455 2440 1618 2473 codicibus
1630 2440 1781 2472 Palatinis
1797 2442 1880 2471 inter

266 2501 308 2533 V.
336 2504 374 2533 10
396 2508 428 2533 et
452 2505 487 2533 11
513 2502 717 2544 intercapedo
741 2507 789 2532 est
808 2501 862 2542 (p.
881 2499 986 2541 364),
1017 2501 1101 2531 unde
1122 2505 1269 2542 apparet,
1293 2500 1368 2531 inde
1393 2508 1412 2529 a
1437 2497 1477 2528 V.
1501 2499 1538 2528 11
1565 2506 1679 2528 novam
1702 2497 1879 2527 orationem

266 2557 375 2588 ordiri.
421 2557 514 2595 Quod
534 2565 698 2599 praeterea
720 2558 752 2588 in
776 2557 885 2592 codiee
898 2555 1043 2588 Romano
1060 2558 1095 2588 in
1111 2556 1173 2588 bac
1187 2555 1425 2597 intercapedine
1442 2559 1602 2595 comparet
1619 2552 1879 2584 obscurissimum

268 2612 458 2645 PHONUS.
488 2612 582 2652 DU.‚
615 2614 902 2656 ‘quomodocunque
934 2612 1013 2645 illud
1038 2614 1111 2645 sive
1134 2612 1300 2655 supplebis
1328 2617 1363 2641 et
1395 2608 1571 2651 explicabis
1593 2610 1660 2640 sive
1682 2607 1878 2647 emendabis,
