2242 2976
363 259 435 295 120
481 255 613 289 LIBER
628 253 873 287 SECUNDUS.
895 252 1229 286 INSCRIPTIONES
1246 252 1529 288 PHOENICIAE.
1557 254 1703 290 CAPUT
1719 255 1978 291 SECUNDUM.

486 348 623 381 Additur
650 349 746 380 etiam
772 353 863 390 pater
890 346 1079 386 Heliodori,
1116 348 1207 379 cuius
1235 357 1353 379 nomen
1375 349 1551 390 pronuncio
1575 354 1658 398 *⁵³3⁴ss
1680 349 1734 382 vel
1754 357 1862 398 'fg-qq,
1885 357 1977 395 «γρ-’Ἦ

360 408 500 448 (inserto
530 404 593 436 Jod
630 405 827 446 compaginis
863 404 896 436 in
926 403 1212 446 compositionibus
1242 403 1427 446 frequente)
1465 406 1487 437 i.
1518 415 1548 438 e.
1580 412 1666 438 recte
1695 407 1760 439 iam
1787 406 1978 440 observante

361 460 559 494 Akerbladio
581 461 704 492 corolla
715 461 854 501 florum.
897 459 1043 503 Namque
1066 469 1103 493 :n
1127 470 1247 492 corona
1269 471 1310 492 ex
1332 460 1527 493 Hebraismo
1557 462 1684 504 quidem
1712 461 1831 495 biblico
1857 463 1978 504 exulat,

359 517 415 549 sed
446 524 510 548 tam
537 516 687 559 frequens
717 522 766 548 est
795 517 830 548 in
863 515 1008 549 dialectis
1041 517 1204 560 cognatis,
1242 523 1277 548 ut
1296 518 1394 549 etiam
1417 517 1621 560 phoenicium
1641 517 1742 550 fuisse
1762 520 1820 552 vix
1840 520 1977 560 dubites,

359 586 399 617 cs.
422 584 526 616 chald.
547 594 604 630 ²¹³»
643 594 707 626 syr.
736 565 832 633 Q,
865 566 972 635 {Q'AE
1010 584 1096 616 unde
1117 597 1185 630 αχς
1213 574 1270 617 lli
1295 592 1467 618 coronatus
1487 592 1553 625 est,
1585 585 1674 618 arab.
1695 567 1769 645 ⁰315,
1801 587 1887 619 uude
1907 597 1980 630 per-

360 650 511 691 frequens
533 650 566 680 in
589 648 760 682 Persismo.
803 647 929 680 Nomen
952 649 1050 691 igitur
1071 647 1176 680 simile
1198 649 1336 681 arabicis
1353 650 1454 700 &dcxli
1479 651 1535 708 ΞΒ
1564 649 1819 684 Tadseh-eddin
1841 651 1981 694 (corona

357 708 475 748 fidei),
512 708 615 753 'aij->di
640 709 696 767 ΞΒ·
726 709 866 751 (corona
886 710 1078 751 temporis),
1110 708 1205 751 idque
1226 718 1342 750 graece
1363 709 1478 741 reddas
1500 708 1669 753 Στέφανος.

483 782 541 808 ’nn
564 775 633 816 mx)
659 774 809 806 hebraice
832 775 955 807 scribas
975 784 1031 817 ἠερ
1054 776 1131 818 izi-eg.
1176 783 1227 808 mn
1245 775 1291 806 ita
1304 774 1479 818 gentiliciis
1494 776 1705 819 praemissum
1718 767 1862 810 habebas
1882 778 1979 811 iuscr.

356 834 386 864 3.
408 835 446 870 4,
478 831 517 863 cf.
539 830 629 864 hebr.
652 839 730 879 ηερ
752 833 816 874 &³15
839 830 920 862 Gen.
940 833 994 870 39,
1020 834 1077 870 14,
1109 838 1214 878 magn,
1237 833 1338 879 θῆρες,
1366 830 1433 863 Jer.
1453 834 1506 871 26,
1525 835 1582 871 22,
1612 840 1720 882 omn}
1745 835 1847 883 0*ng
1872 835 1926 874 43,
1947 835 1979 866 9.

357 896 412 929 ‘'¹¹2²ss
436 895 559 926 autem,
579 886 675 930 vquod
697 898 812 929 graece
835 887 977 919 redditur
999 885 1134 925 Κιτιεύς,
1166 894 1216 919 est
1237 886 1410 930 singularis
1432 886 1581 920 vocabuli
1604 894 1680 932 0³:322
1698 890 1733 921 in
1753 889 1794 922 V.
1819 888 1860 922 T.
1881 890 1981 922 octies

358 944 463 984 obvii,
502 954 605 986 eoque
633 942 768 975 mirifice
798 942 1048 982 confirmantur,
1079 954 1159 985 quae
1182 943 1222 974 de
1245 945 1314 975 eius
1335 944 1460 986 origine
1482 951 1514 976 et
1535 944 1670 977 historia
1687 946 1916 988 disputavimus
1937 945 1979 978 ad

356 1000 421 1032 Jes.
445 1003 495 1038 23,
514 1003 544 1034 1,
588 999 714 1031 Etenim
740 1000 832 1030 unice
856 1010 963 1030 veram
985 1009 1057 1030 esse
1075 1005 1205 1041 apparet
1227 998 1361 1041 Josephi
1383 1006 1414 1030 et
1436 999 1612 1042 Epiphanii
1635 1003 1826 1034 sententiam
1855 1000 1976 1044 (Arch.

359 1060 387 1095 1,
411 1059 441 1088 6.
472 1056 544 1087 adv.
577 1054 668 1088 haer.
691 1058 731 1087 30
764 1057 791 1094 §-
817 1055 876 1096 25)
904 1062 980 1097 naq:-
1010 1066 1060 1097 pr.
1090 1065 1161 1086 esse
1194 1054 1335 1094 Citieos,
1372 1055 1449 1087 Citii
1478 1055 1566 1088 urbis
1587 1056 1709 1089 incolas
1738 1058 1976 1101 (,,Κιτιεες“),

356 1123 491 1154 quorum
512 1122 627 1143 nomen
652 1118 762 1153 postea
784 1111 823 1142 ad
847 1110 982 1154 Cyprios
1005 1121 1132 1150 omnes,
1160 1111 1303 1154 adeoque
1326 1111 1365 1143 ad
1387 1110 1468 1143 alios
1490 1113 1588 1145 maris
1605 1114 1831 1146 mediterranei
1851 1113 1978 1155 accolas

356 1167 543 1200 translatum
570 1168 611 1199 sit
641 1166 745 1208 (Dan.
769 1171 826 1207 11,
849 1167 920 1209 3ο).
966 1166 1009 1198 Η.
1029 1166 1051 1198 1.
1080 1175 1137 1199 sn:
1167 1177 1264 1198 sensu
1294 1168 1424 1210 proprio
1446 1175 1495 1200 est
1517 1169 1627 1201 incola
1651 1169 1754 1209 Ceut,
1788 1169 1979 1214 πολίσματος

357 1223 516 1265 ἱλληνικοῦ
553 1223 700 1260 Φοίνικας
728 1223 869 1261 ἐποίκους
897 1222 1078 1264 ἐσχηκότος,
1116 1233 1197 1265 quae
1228 1222 1327 1254 verba
1348 1230 1423 1255 sunt
1443 1222 1541 1268 Diog.
1564 1224 1693 1264 Laert.‚
1726 1226 1784 1257 vit.
1806 1224 1885 1258 Zeu.
1907 1227 1978 1259 init.

356 1279 452 1312 Plura
481 1280 520 1311 de
549 1278 635 1310 Citio
665 1280 738 1311 vide
769 1290 845 1311 mox
876 1278 916 1310 ad
940 1290 1009 1321 cap.
1032 1281 1051 1310 3
1073 1280 1142 1310 init.
1187 1278 1336 1311 Ceterum
1361 1280 1447 1322 quod
1468 1280 1675 1313 Hamekerus
1698 1280 1859 1324 (Miscell.
1886 1292 1919 1326 p.
1938 1283 1979 1326 8)

355 1337 389 1368 in
411 1335 471 1368 hac
502 1336 709 1378 inscriptione
730 1334 797 1379 legi
821 1336 916 1368 tradit
936 1343 1021 1368 *nvi-i
1046 1358 1053 1366 .
1067 1358 1074 1366 .
1088 1358 1096 1366 .
1120 1344 1193 1370 τιν-1η
1215 1343 1251 1380 7³
1273 1346 1337 1367 non
1357 1342 1461 1378 potest
1481 1346 1547 1368 non
1569 1347 1658 1370 mero
1681 1347 1791 1369 errore
1813 1339 1885 1374 niti.

1127 1427 1202 1460 vu.

714 1486 1267 1528 A'THENIENSIS
1324 1495 1619 1529 TERTIA.

484 1575 512 1603 1.
556 1569 670 1602 Brevis
702 1570 753 1602 hic
783 1570 894 1602 titulus
926 1573 959 1603 in
991 1571 1084 1603 horto
1107 1565 1206 1613 prope¹
1227 1571 1375 1603 Piraeum
1399 1582 1500 1615 nuper
1521 1573 1692 1605 admodum
1713 1570 1855 1616 repertus
1877 1572 1977 1620 lapidi

355 1626 525 1670 sepulcrali
555 1628 598 1658 ita
627 1628 801 1670 inscriptus
829 1634 894 1666 est,
935 1634 970 1659 ut
999 1627 1098 1659 verba
1125 1638 1241 1670 graeca
1274 1634 1408 1659 exarata
1437 1629 1503 1659 sint
1535 1639 1631 1671 super
1660 1630 1802 1672 imagine
1830 1627 1975 1663 mulieris

355 1685 467 1715 stantis
489 1690 521 1715 et
545 1683 699 1715 infantem
717 1684 873 1726 gestantis
884 1706 893 1722 ‚
916 1682 1086 1725 phoenicia
1103 1694 1200 1726 super
1216 1685 1357 1727 imagine
1374 1682 1518 1716 mulieris
1531 1685 1682 1718 sedentis.
1719 1685 1808 1717 Lm).
1822 1684 1978 1726 Rossms,

356 1751 438 1771 nunc
463 1750 569 1771 rerum
593 1740 793 1782 antiquarum
815 1740 849 1770 in
873 1738 1027 1771 Graeciae
1050 1750 1150 1782 regno
1173 1739 1370 1782 praefectus,
1409 1743 1492 1772 1832
1521 1751 1591 1773 eam
1613 1741 1759 1784 Lipsiam
1781 1743 1890 1782 misit,
1920 1742 1977 1776 ubi

353 1806 373 1827 a
394 1795 658 1826 Fun-munusue
682 1795 767 1827 edita
790 1803 839 1827 est
859 1796 893 1827 in
915 1795 1036 1828 Jalmiu·
1054 1801 1088 1828 et
1110 1795 1276 1841 Seebodit¹
1289 1799 1382 1828 novis
1404 1796 1529 1830 Annal.
1552 1796 1663 1840 Suppl.
1684 1801 1704 1830 2
1725 1809 1756 1841 p.
1771 1801 1845 1838 433,
1868 1797 1987 1842 ραιιΠο,

353 1859 423 1893 post
445 1850 602 1883 illustrata
624 1863 643 1882 a
662 1852 795 1885 Lunov.
813 1850 955 1883 Amano
978 1851 1056 1885 ibid.
1085 1851 1196 1895 Suppl.
1220 1855 1239 1884 3
1262 1864 1294 1896 p.
1308 1855 1371 1885 216
1391 1863 1460 1896 sqq.

481 1926 511 1953 2.
556 1922 750 1963 Phoenicia,
783 1935 863 1967 quae
886 1932 1012 1967 praeter
1034 1936 1130 1958 unam
1151 1925 1292 1958 litteram
1315 1926 1360 1968 (κ
1383 1936 1441 1968 pro
1465 1928 1500 1968 τ)
1522 1933 1608 1958 recte
1630 1925 1711 1969 legit
1730 1925 1900 1970 Angerus,
1931 1928 1976 1960 ita
1998 1915 2000 1918 ,

354 1990 389 2011 se
413 1978 548 2010 habent:

949 2046 1061 2083 *nam
1095 2034 1206 2084 rubr:
1237 2046 1347 2083 saun

897 2109 1040 2153 Ενεηε,
1074 2108 1166 2144 civis
1193 2108 1394 2156 Byzantii,

354 2188 447 2225 atque
470 2188 617 2213 accurate
641 2183 835 2224 respondent
855 2185 980 2226 graecis
1004 2182 1116 2225 Ἐρήνη
1139 2184 1306 2223 Βυζαντία.

483 2257 519 2288 In
543 2266 632 2293 &snt-t
654 2257 768 2290 ultima
787 2258 893 2291 littera
917 2259 990 2291 Tau
1012 2261 1119 2302 potius
1141 2260 1243 2291 videri
1265 2261 1383 2302 possit,
1414 2270 1509 2303 quam
1531 2259 1598 2293 ulla
1619 2260 1684 2293 alia
1706 2260 1821 2294 littera.
1865 2261 1929 2294 Sed
1951 2274 1974 2296 n

354 2313 478 2345 litterae
507 2313 570 2345 alia
597 2313 703 2357 figura
734 2314 784 2346 bis
813 2316 847 2346 in
869 2317 981 2348 eodem
1004 2315 1095 2347 titulo
1118 2323 1241 2355 exstat,
1272 2327 1376 2359 neque
1398 2315 1476 2348 ferri
1498 2318 1599 2358 possit
1618 2329 1640 2351 n
1662 2317 1810 2350 feminini
1833 2320 1974 2361 generis,

355 2381 450 2413 quum
478 2370 583 2402 forma
610 2369 778 2412 phoenicia
805 2372 974 2403 manifesto
1003 2383 1150 2414 graecam
1180 2373 1332 2408 imitetur.
1375 2372 1433 2404 Est
1462 2374 1560 2415 igitur
1587 2374 1713 2416 aleph,
1749 2374 1833 2416 quod
1862 2375 1974 2407 eadem

355 2426 414 2457 hac
436 2425 540 2468 figura
562 2426 747 2468 imperfecta
769 2426 906 2458 habetur
929 2427 990 2458 Cit.
1009 2431 1059 2467 20,
1075 2432 1104 2459 1.
1125 2430 1176 2466 33,
1194 2431 1222 2459 1.
1239 2431 1258 2459 3
1281 2428 1321 2460 cf.
1342 2430 1370 2467 §-
1387 2431 1428 2460 12
1449 2428 1509 2460 sub
1532 2440 1585 2461 no.
1606 2432 1657 2462 2⁵.
1703 2428 1799 2467 Qu'od
1821 2441 1974 2473 graecum

354 2484 383 2514 E
402 2483 436 2514 in
459 2481 641 2514 Phoeniciis
663 2483 851 2524 exprimitur
873 2491 897 2516 ·.-ι
920 2482 1045 2522 littera,
1083 2484 1116 2515 id
1146 2494 1239 2514 nemo
1262 2485 1405 2516 miretur.
1449 2483 1596 2527 Namque
1618 2487 1648 2517 E
1667 2484 1863 2518 Graecorum
1884 2497 1928 2519 ex
1948 2495 1974 2521 .“ι

354 2538 551 2570 Phoenicum
574 2545 678 2570 ortum
702 2546 751 2570 est
772 2538 822 2581 (p.
838 2539 902 2580 66)
924 2540 1016 2581 eique
1039 2540 1209 2581 respondet
1231 2546 1297 2570 tum
1317 2539 1423 2582 figura
1443 2547 1510 2572 tum
1524 2539 1614 2580 loco,
1634 2552 1727 2584 quem
1746 2544 1779 2574 in
1795 2541 1975 2576 litterarum

354 2596 465 2626 ordine
495 2601 645 2637 occupat,
684 2605 863 2638 quanquam
889 2601 1030 2638 potestas
1065 2596 1135 2626 eius
1166 2594 1343 2636 paullulum
1374 2603 1494 2631 mutata
1521 2603 1587 2628 est:
1625 2596 1792 2641 solentque
1821 2598 1974 2638 Hebraei,
