2242 2976
701 257 903 293 LINGUAE
925 256 1122 292 INDOLES
1146 258 1205 291 ET
1228 258 1450 293 HISTORIA.
1815 263 1886 299 331

260 355 385 399 plenus.
432 353 607 397 Utriusque
637 360 745 386 autem
776 364 870 386 curos
896 352 996 396 longo
1024 355 1138 396 spatio
1160 361 1234 396 post
1261 365 1297 386 se
1328 354 1458 398 reliquit
1481 354 1560 386 sim.
1583 352 1804 393 nocuimus,
1835 357 1888 397 qui

263 411 500 455 Geograpkiae
521 421 638 443 merae
662 409 808 453 (Cadoni
831 412 922 442 1646.
944 409 1021 451 fol.)
1043 409 1126 442 libro
1150 411 1291 443 secundo
1314 423 1339 443 s.
1363 412 1403 443 de
1425 413 1542 454 lingua
1556 410 1766 450 Phoenicum,
1790 422 1887 454 quae-

258 479 383 511 cuuque
422 470 456 500 in
497 467 657 500 veteribus
692 467 902 509 scriptoribus
936 469 1071 510 reperiri
1108 474 1270 511 poterant,
1307 467 1501 510 appellativa
1534 474 1568 499 et
1598 469 1730 500 nomina
1759 469 1887 511 propria

258 524 418 568 permulta
439 524 586 567 collegit,
619 525 659 556 ad
681 525 827 556 ordinem
849 525 1042 567 scriptorum
1065 525 1239 567 disposuit,
1260 530 1310 563 et,
1333 535 1395 567 qua
1412 531 1481 555 erat
1503 525 1667 556 doctrinae
1688 526 1782 567 copia
1797 526 1887 568 inge-

259 583 367 624 niique
390 580 552 620 sollertia,
579 579 761 623 explicavit.
804 580 937 612 Praeter
965 591 1040 620 eos,
1075 582 1129 624 qui
1159 582 1198 613 de
1220 580 1300 613 locis
1322 581 1452 612 Punicis
1474 581 1558 623 apud
1581 580 1731 613 Plautum
1753 589 1888 624 egerunt

259 641 309 681 (§.
333 638 404 678 11),
427 637 480 670 his
501 647 602 680 nuper
626 638 762 669 accessit
783 637 1011 677 murmanus,
1033 639 1087 680 qui
1102 637 1392 670 Miscellaneorum
1407 637 1660 669 Phoeniciorun·
1674 637 1758 669 libro
1777 639 1900 682 quinto*

257 690 350 738 (pag.
369 694 569 735 164—307)
593 700 660 725 tum
684 693 877 733 Phoenicia,
902 705 983 736 quae
1006 695 1090 736 apud
1112 693 1431 726 Sanchuniathonem
1452 693 1744 736 deprehenduntur,
1769 702 1887 727 tracta—

259 753 323 788 vit,
354 758 419 783 tum
442 749 627 783 nominibus
650 752 786 793 propriis
812 750 979 782 hominum
1003 757 1037 782 et
1055 749 1198 783 locorum
1223 750 1414 794 colligendis
1437 757 1467 782 et
1485 751 1526 782 ad
1547 758 1675 797 etymon
1700 751 1888 783 revocandis

260 808 341 840 bene
363 809 497 847 meruit,
528 807 613 850 apud
636 818 730 849 quem
753 799 883 839 laudata
906 809 1001 840 etiam
1024 809 1247 851 reperiuntur,
1288 819 1369 850 quae
1391 806 1576 850 Scaligerus
1601 806 1757 846 (Canone
1780 810 1888 851 isago-

258 865 343 907 gico,
365 864 405 895 ad
428 864 576 907 fragmm.
600 862 796 895 Graecorum
819 862 884 906 al.)
909 871 941 896 et
961 864 1128 907 Mignotus
1153 865 1347 907 (dissertatt.
1370 865 1408 896 de
1425 863 1658 902 Phoenicibus,
1683 866 1715 895 in
1733 864 1831 896 Mem.
1848 852 1887 898 de

258 919 370 952 l'acad.
394 915 434 952 Τ.
458 918 882 962 XXXIV—XXXVIII)
914 922 948 953 in
971 920 1033 953 hoc
1054 911 1173 964 genere
1195 927 1366 953 tentarunt.
1410 920 1476 962 Qui
1499 928 1633 963 utroque
1658 920 1715 952 illo
1737 921 1825 954 fonte
1848 923 1887 954 ad

257 975 389 1019 linguae
411 975 553 1008 indolem
576 975 797 1008 illustrandam
821 978 871 1008 usi
892 976 1031 1016 fuerint,
1068 978 1234 1019 pauciores
1258 984 1350 1016 sunt,
1390 976 1477 1009 velut
1502 978 1537 1009 0.
1565 977 1605 1009 G.
1635 977 1830 1025 Tychaenius
1853 980 1885 1011 in

259 1034 527 1064 commentatione
556 1033 595 1063 de
625 1031 756 1074 linguae
779 1031 974 1064 Phoeniciae
997 1039 1029 1063 et
1051 1032 1232 1064 Hebraicae
1254 1040 1364 1064 mutua
1387 1033 1579 1076 aequalitate
1609 1032 1670 1075 (N.
1692 1041 1752 1065 act.
1776 1034 1887 1077 Upsal.

259 1087 299 1120 'l'-
324 1088 407 1131 VII)
438 1095 470 1120 et
501 1099 560 1119 nos
589 1089 653 1130 ipsi
686 1089 736 1119 in:
763 1087 1024 1131 *Bemerkungen
1046 1088 1128 1120 iiber
1150 1089 1205 1120 die
1227 1088 1442 1130 pbb‘nizische
1463 1090 1532 1121 und
1543 1090 1704 1131 punische
1727 1087 1886 1133 Sprache,

259 1148 291 1177 in
315 1144 390 1178 hist.
413 1144 543 1188 liuguae
566 1144 727 1176 hebraeae
750 1156 780 1187 p.
803 1147 864 1176 223
886 1155 955 1187 sqq.
979 1145 1019 1186 *).

1025 1231 1050 1269 ς.
1092 1234 1120 1263 2.

367 1298 569 1341 Linguae
599 1298 865 1330 Phoeniciae
896 1298 1063 1332 indoles·
1096 1303 1136 1330 et
1167 1308 1252 1330 eum
1282 1297 1468 1330 hebraea
1496 1302 1780 1332 neceseitudo.

390 1395 419 1423 1.
463 1392 623 1434 Linguam
647 1390 854 1422 Phoeniciam
872 1390 1090 1433 Punicamque
1112 1390 1243 1434 linguae
1265 1390 1437 1423 Hebraeae
1460 1379 1630 1423 admodum
1653 1378 1783 1425 affinem
1807 1378 1889 1434 esse,

259 1449 324 1480 iam
355 1458 397 1479 ex
427 1448 589 1480 veteribus
621 1458 686 1479 non
716 1446 817 1479 semel
845 1447 1060 1479 observarunt
1080 1447 1300 1489 Hieronymus
1327 1455 1359 1480 et
1380 1448 1598 1491 Augustinus,
1629 1455 1662 1480 et
1684 1449 1740 1481 hic
1760 1451 1885 1493 quidem

260 1514 454 1547 pei-magnae
480 1506 514 1536 in
545 1504 606 1536 hac
635 1515 671 1536 re
693 1506 907 1544 auctoritatis,
946 1506 1062 1548 quippe
1091 1505 1145 1547 qui
1167 1506 1297 1547 vigente
1319 1504 1426 1536 adhuc
1446 1503 1558 1547 lingua
1580 1504 1702 1536 Punica
1723 1506 1755 1537 in
1779 1505 1888 1538 Africa

261 1562 374 1593 vivens
398 1562 448 1600 (ς.
464 1561 504 1602 6)
526 1562 597 1603 ipse
619 1571 654 1592 se
677 1560 818 1592 Poenum
842 1568 996 1604 agnoscat
1012 1563 1144 1603 (contra
1167 1560 1285 1592 Julian.
1306 1560 1364 1592 lib.
1388 1563 1407 1593 3
1430 1572 1457 1592 c.
1478 1561 1549 1603 17).
1592 1560 1639 1593 lta
1661 1563 1693 1592 in
1718 1561 1888 1602 Quaestio-

262 1617 356 1650 uibus
378 1619 412 1649 in
435 1616 563 1649 Iudices
576 1616 633 1648 lib.
650 1615 716 1648 Vll
733 1628 784 1660 qu.
803 1620 843 1649 16
872 1616 934 1660 (T.
949 1616 994 1649 111
1016 1629 1048 1660 p.
1066 1619 1130 1649 477
1145 1617 1196 1649 ed.
1213 1616 1374 1659 Bened.):
1398 1621 1485 1649 istae
1507 1618 1644 1660 linguae
1666 1617 1834 1659 (Hebraea
1857 1628 1888 1651 et

261 1674 394 1715 Punica)
411 1684 475 1705 non
489 1675 619 1705 multum
634 1677 723 1706 inter
738 1685 772 1706 se
785 1674 958 1714 differunt.
990 1673 1036 1705 Id.
1052 1681 1163 1705 contra
1175 1673 1297 1705 litteras
1315 1673 1462 1705 Petiliani
1479 1673 1534 1706 lib.
1550 1678 1580 1713 2,
1600 1685 1669 1716 cap.
1690 1678 1750 1706 104
1766 1675 1826 1717 (Τ.
1838 1676 1888 1708 lx

263 1730 322 1763 col.
339 1731 434 1772 198):
465 1730 564 1762 Hunc
586 1728 790 1772 (Christum)
810 1730 962 1762 Hebraei
984 1731 1097 1762 dicunt
1118 1730 1297 1769 Meuium,
1326 1731 1412 1772 quod
1430 1731 1560 1762 verbum
1581 1732 1718 1773 linguae
1737 1732 1887 1765 Punicae

263 1797 434 1819 comanam
456 1790 527 1825 est,
555 1789 641 1817 sicut
664 1787 734 1818 alia
750 1787 917 1828 pern-ulta
941 1791 981 1818 et
999 1797 1137 1828 paene
1160 1790 1306 1818 omnia.
1351 1786 1388 1818 In
1412 1787 1523 1818 loann.
1543 1794 1633 1818 tract.
1650 1790 1690 1819 15
1712 1787 1772 1830 (Τ.
1792 1788 1848 1828 ΙΙΙ,
1867 1790 1885 1821 b

264 1844 325 1876 col.
350 1844 450 1885 302):
491 1847 656 1885 cognatae
685 1845 807 1885 quippe
834 1847 909 1874 sunt
940 1843 1075 1885 linguae
1105 1846 1192 1874 ictae
1227 1848 1260 1874 et
1289 1846 1442 1881 vicinae,
1479 1842 1656 1882 Hebraea,
1695 1844 1825 1876 Punica
1854 1850 1887 1877 et

265 1899 362 1943 Syra.
406 1899 457 1931 De
487 1899 595 1931 verbis
622 1898 757 1930 Domini
785 1909 880 1931 serm.
904 1902 964 1938 35,
1007 1899 1063 1931 ubi
1092 1898 1251 1941 explicat,
1288 1899 1364 1941 quid
1393 1901 1437 1931 sit
1465 1898 1667 1931 Mammona:
1700 1899 1887 1933 Hebraeum

265 1957 396 1990 verbum
426 1959 477 1988 ent
505 1960 679 1998 cognatum
708 1956 845 1998 linguae
875 1957 1045 1988 Punicae:
1081 1959 1169 1987 istae
1202 1959 1286 1987 enim
1308 1956 1446 1998 linguae
1468 1956 1729 1999 significationis
1751 1959 1887 2000 quadam

265 2017 441 2046 vicinitate
462 2015 641 2044 sociantur.
686 2012 728 2043 Et
748 2011 832 2043 libro
855 2010 870 2043 1
889 2012 1104 2044 Locutionum
1127 2014 1160 2043 in
1185 2011 1266 2043 Gen.
1290 2015 1320 2051 8,
1343 2015 1378 2044 9:
1409 2017 1443 2044 et
1468 2013 1624 2045 extendit
1644 2024 1770 2046 manum
1788 2026 1887 2047 mam.

265 2071 407 2103 Locutio
430 2073 479 2101 est
502 2079 597 2110 quum
613 2073 796 2110 propterea
811 2069 1000 2101 Hebraeum
1018 2074 1121 2111 puto,
1151 2072 1229 2111 quia
1253 2073 1287 2100 et
1300 2070 1450 2101 Punicae
1467 2070 1604 2112 linguae
1617 2069 1888 2109 familiarissima

267 2132 330 2162 eet,
362 2130 398 2158 in
421 2136 485 2168 qua
507 2126 608 2156 multa
631 2128 812 2157 invenimur
835 2125 1002 2157 Hebraeis
1023 2125 1132 2157 verbis·
1152 2129 1378 2157 consonantia.
1420 2124 1534 2168 Neque
1555 2125 1648 2158 aliter
1669 2127 1887 2169 Hieronymus

266 2185 299 2215 in
322 2182 442 2215 Jerem.
465 2185 496 2220 5,
521 2184 579 2213 25:
623 2181 726 2222 Tyrus
747 2186 782 2212 et
805 2180 909 2213 Sidon
933 2185 968 2213 in
989 2182 1172 2214 Phoenices
1194 2183 1307 2214 liltore
1324 2184 1496 2224 principes
1517 2185 1672 2215 civitatee
1693 2185 1753 2216 rel.
1801 2184 1887 2222 Qua-

266 2250 335 2272 rum
360 2238 530 2281 Carthago
553 2238 691 2269 colonia.
748 2237 843 2269 Unde
864 2242 898 2269 et
920 2239 1029 2270 Poeni
1053 2248 1198 2270 sermone
1224 2244 1376 2281 corrupto
1400 2242 1496 2281 quasi
1515 2239 1647 2271 Phoeni
1667 2242 1886 2282 appellantur.

270 2295 413 2333 Quarum
440 2296 556 2337 lingua
587 2295 723 2337 linguae
752 2293 930 2326 Hebraeae
959 2305 1079 2337 magna
1108 2305 1153 2326 ex
1179 2299 1278 2337 parte
1308 2296 1448 2335 confinis
1475 2301 1535 2328 est.
1579 2297 1620 2328 Et
1642 2299 1674 2328 in
1703 2296 1765 2328 Jes.
1788 2296 1845 2328 lib.
1869 2300 1887 2328 3

269 2362 339 2394 cap.
353 2354 389 2384 ⁷:
415 2352 553 2394 Lingua
576 2361 700 2394 quoque
717 2351 863 2389 Punica,
886 2362 969 2393 quae
985 2351 1025 2383 de
1040 2351 1266 2384 Hebraeorum
1284 2352 1435 2390 fontibus
1450 2363 1583 2385 manare
1598 2354 1732 2392 dicitur,
1749 2356 1888 2395 proprie

269 2411 366 2450 virgo
394 2409 497 2440 alma
528 2407 714 2450 appellatur.
767 2407 807 2439 Et
836 2406 1086 2445 Quaestionibus
1117 2403 1151 2439 'in
1183 2408 1263 2440 Gen.
1285 2410 1345 2446 36,
1369 2412 1410 2441 24
1443 2410 1482 2441 de
1510 2420 1587 2441 voce
1617 2418 1702 2444 nim:
1741 2410 1890 2441 nonnulli

323 2525 352 2559 ἢ)
382 2527 454 2559 Alii,
482 2528 527 2561 qni
557 2528 701 2563 singularia
726 2528 856 2562 quaedam
882 2527 1045 2564 philologiae
1115 2534 1175 2555 runt
1201 2530 1248 2556 vel
1269 2529 1458 2555 nudabuntur.
1507 2530 1673 2565 Perexiguus
1702 2533 1741 2554 est
1766 2529 1885 2554 Mum.

272 2574 389 2601 Punicae
406 2575 492 2609 capita
509 2580 709 2609 tractaverunt,
735 2580 764 2602 ut
781 2577 982 2602 Bellermannus
1002 2577 1044 2610 (p.
1115 2578 1390 2605 Nouamulibeuns
1399 2578 1431 2602 de
1442 2580 1543 2603 colonia
1555 2583 1579 2603 et
1594 2580 1678 2610 lingua
1689 2577 1886 2610 Carthaginensi,

274 2623 322 2656 5),
342 2621 478 2658 Schelliug
495 2624 543 2656 (v.
557 2624 627 2651 iufra
637 2624 659 2657 §.
672 2624 727 2656 17)
742 2633 792 2651 suo
809 2626 873 2651 loco
886 2626 932 2652 vel
948 2626 1046 2652 laudati
1117 2626 1233 2653 Loudini
1253 2626 1402 2652 Gothorum
1422 2626 1498 2653 1787.
1517 2625 1542 2651 4.

1432 2679 1510 2706 42*
