2242 2976
360 252 432 290 104
482 249 613 282 LIBER
627 246 871 282 SECUNDUS.
915 246 1253 281 INSCRIP'I'IONES
1269 247 1551 283 PHOENICIAE.
1596 249 1744 284 CAPUT
1759 250 1947 284 PRIMUM.

483 344 566 382 Fac,
596 344 628 374 in
652 342 703 374 his
725 344 814 376 nbzv
835 340 892 374 liu.
912 345 932 374 2
953 353 1011 385 pro
1029 343 1138 382 nbzz,
1166 349 1200 375 et
1222 344 1325 378 55:³5
1351 342 1410 375 liu.
1432 346 1451 376 3
1480 354 1536 386 pro
1564 345 1666 379 592er
1697 355 1866 387 operarum
1896 346 1974 377 vitio

356 401 483 434 deberi:
513 399 702 431 manifestus
725 406 832 430 tamen
856 408 946 430 error
970 406 1019 431 est
1039 400 1073 431 iu
1097 398 1156 431 litt.
1177 401 1198 431 ⁷
1226 398 1284 432 liu.
1306 401 1345 439 3,
1368 410 1449 442 quae
1472 408 1493 433 n
1517 410 1589 432 esse
1612 411 1676 432 nou
1699 407 1820 443 potest,
1843 402 1925 443 item!
1941 403 1974 433 iu

356 457 417 490 litt.
436 460 457 488 9
479 455 536 489 liu.
551 459 590 494 2,
629 465 723 497 quam
754 453 955 495 Tycbscnius
979 464 998 498 ιι
1021 466 1094 488 esse
1116 457 1245 495 statuit,
1275 457 1345 488 siue
1374 455 1439 488 ulla
1461 457 1603 496 ratione,
1638 468 1733 500 quum
1756 458 1826 490 eius
1848 456 1975 490 litterae

355 514 490 546 formam
514 512 763 544 diversissimam
786 509 906 543 habeas
929 509 985 543 liu.
1007 514 1026 544 3
1055 510 1115 544 litt.
1136 514 1166 544 3.
1211 511 1306 550 Quod
1330 511 1532 554 Tychsenius
1554 520 1720 556 praeterea
1733 512 1871 545 litteram
1884 512 1941 546 lin.
1955 516 1975 545 2

355 577 404 602 ter
434 569 562 601 obviam
591 566 653 598 Jod
683 577 755 617 esse
783 568 912 606 statuit,
949 579 1013 600 nou
1037 568 1106 600 He:
1142 569 1174 603 id
1198 568 1312 608 habet,
1345 580 1408 611 quo
1430 579 1466 600 se
1489 569 1639 602 defendat
1670 570 1720 611 (v.
1742 580 1841 612 supra
1861 571 1890 608 §-
1915 569 1974 611 1),

354 634 386 658 et
410 623 600 657 vocabulum
630 633 678 667 ’,τι
703 633 809 666 partu
835 623 1003 667 analogiae
1026 624 1185 657 hebraeae
1206 627 1310 668 magis
1329 625 1411 657 adeo
1434 626 1598 668 congruit,
1629 636 1722 668 quam
1745 634 1826 669 ripa:
1865 625 1922 657 scd
1942 626 1976 658 iu

355 680 511 714 vocabulo
539 681 684 712 eiusdem
714 679 820 712 lineae
850 681 943 712 tertio
973 681 1036 713 duo
1066 680 1128 713 Jod
1158 682 1276 724 (igitur
1298 691 1357 720 Ψ,
1390 693 1488 725 quum
1509 692 1554 714 *n*
1575 681 1667 724 plane
1689 681 1892 714 arbitrarium
1914 682 1976 723 sit)

354 737 493 780 explicet
513 738 567 780 qni
582 737 702 779 possit,
731 747 829 778 quum
851 746 878 771 ’r
899 738 1000 771 viba:
1022 741 1059 770 in
1079 737 1140 770 1⁸00
1161 739 1305 770 cla-acero
1329 748 1398 770 meo
1421 739 1477 770 vix
1495 738 1599 770 ferant
1619 739 1695 770 iusti
1712 737 1842 781 liuguae
1855 737 1976 770 arbitri·

354 794 530 836 Tychsenii
552 794 687 835 vestigia
703 792 781 834 legit
802 791 844 824 A.
861 791 926 825 Th.
940 793 1160 826 Hartmauuus
1182 793 1354 836 (Tycbseu
1370 793 1411 833 11,
1426 797 1445 826 2
1459 805 1489 837 p.
1507 795 1603 837 554):
1634 801 1745 827 contra
1766 805 1840 826 eum
1861 795 1976 826 acriter

354 850 557 894 reprehendit
572 849 724 881 Korrws
747 847 769 881 l⁴
783 859 810 880 c.
831 849 865 880 iu
882 848 1022 891 Scyllam
1045 857 1151 882 tamen
1173 850 1336 890 incidens,
1366 852 1520 883 vitaturus
1539 849 1734 892 Charybdin.
1779 849 1872 889 Quod
1891 851 1975 882 enim

352 908 430 950 legit
451 914 483 939 et
506 908 729 948 interpretatur

942 964 1011 997 ’κω
1036 972 1104 1006 περ
1128 964 1235 997 chrm
1257 972 1325 997 ἐπ-ι

995 1029 1044 1062 πω,
1067 1028 1133 1054 ,Ἴτε-ι
1154 1020 1241 1053 :7²:³³
1266 1027 1327 1065 HR*

1027 1086 1087 1110 :nn
1110 1085 1183 1110 nm:
1205 1084 1249 1110 nt<
1269 1081 1324 1118 im

1092 1133 1206 1173 *thuna
1230 1141 1265 1176 ’ρ
1288 1133 1329 1166 br

773 1201 940 1235 Peuetrale
962 1203 995 1234 in
1018 1202 1207 1235 abscondito
1230 1201 1367 1246 sepulcri
1391 1201 1502 1245 polluti

767 1262 942 1301 'purgatum
966 1264 1025 1291 cst.
1070 1258 1143 1297 Quo
1166 1259 1306 1302 perfecto
1328 1259 1516 1291 incrustavit

771 1316 992 1346 extensionem
1017 1316 1086 1347 eius
1110 1314 1242 1358 populus
1265 1313 1451 1358 sepeliendo
1475 1313 1582 1346 Chen-

772 1370 868 1402 bahal
891 1370 995 1403 filium
1019 1370 1207 1413 Barmcleci.

355 1464 457 1496 neque
474 1454 650 1484 sententiae
667 1452 808 1484 bonitate
825 1454 1082 1492 commendatur,
1106 1463 1210 1496 neque
1226 1453 1401 1495 scripturae
1418 1452 1610 1495 linguaeque
1623 1450 1801 1484 rationibus
1815 1441 1973 1494 probatur.

356 1509 406 1542 Ne
429 1510 514 1540 enim
534 1509 573 1540 de
597 1508 767 1540 verborum
788 1508 1001 1551 explicatione
1022 1510 1138 1548 dicam,
1162 1510 1194 1540 iu
1217 1508 1277 1540 litt.
1295 1512 1331 1540 11
1356 1507 1412 1540 lin.
1438 1511 1457 1540 2
1479 1515 1512 1540 et
1541 1507 1602 1540 litt.
1623 1511 1643 1540 2
1670 1506 1727 1539 lin.
1743 1510 1762 1539 3
1784 1506 1974 1539 definiendis

356 1567 478 1598 maiore
503 1575 580 1596 saue
602 1563 733 1596 licentia
756 1575 832 1596 usus
855 1572 903 1596 est
925 1565 1092 1607 Koppius,
1124 1575 1217 1607 quam
1241 1575 1261 1595 a
1282 1563 1514 1607 Palaeographi
1536 1565 1706 1596 severitate
1723 1564 1973 1610 exspectaveris,

355 1633 415 1654 nec
441 1620 571 1652 multum
594 1628 764 1653 excusatur
787 1620 859 1652 talis
881 1620 1010 1653 licentia
1034 1621 1142 1652 addita
1164 1620 1407 1653 observatione:
1443 1620 1629 1663 phoenicias
1645 1621 1677 1652 iu
1693 1619 1753 1652 bac
1768 1620 1975 1662 inscriptione

354 1678 479 1709 litteras
496 1678 682 1710 recentioris
698 1677 819 1710 formae
834 1688 905 1709 esse
923 1678 1035 1709 videri.
1074 1664 1226 1720 Superest
1242 1676 1450 1709 Dauuuuoum
1468 1675 1639 1719 explicatio
1653 1687 1734 1719 quae
1750 1677 1794 1707 ita
1810 1686 1845 1708 se
1861 1675 1974 1714 habet:

922 1752 1047 1794 hungri)
1073 1760 1138 1794 unp
1165 1752 1226 1784 οὲ,
1248 1760 1293 1784 n:
1315 1761 1384 1784 *nn

1056 1818 1103 1842 ηπ
1126 1816 1192 1841 mn
1213 1807 1301 1841 abs:
1322 1816 1383 1850 rip:

1061 1873 1121 1898 aar:
1145 1873 1220 1897 ow:
1241 1872 1285 1898 tm
1307 1873 1341 1897 ri
1365 1872 1383 1897 n

1148 1922 1262 1964 *shown
1288 1930 1324 1963 ³²
1345 1921 1385 1954 br

704 1990 871 2022 Penetrale
894 1993 1066 2023 sanctuarii
1092 1990 1229 2033 sepulcri
1252 1987 1454 2021 Hannibalis.

704 2046 838 2079 illustris
853 2047 892 2079 'in
915 2048 1189 2078 consummatione
1209 2045 1399 2077 calamitatis
1421 2043 1555 2076 dilectus
1577 2052 1636 2075 est.

701 2103 953 2135 Lamentabatur
974 2102 1108 2146 populus
1130 2113 1227 2145 quum
1247 2108 1421 2133 strueretur
1443 2101 1578 2141 (acies).
1601 2099 1723 2131 Hanni-

702 2159 771 2198 bal,
802 2159 888 2191 filius
912 2158 1109 2191 Barmelech.

358 2231 517 2264 observat
540 2239 648 2263 auctor
670 2241 743 2263 ante
765 2232 911 2264 ultimum
935 2234 1055 2274 primae
1076 2231 1181 2263 lineae
1203 2230 1391 2263 vocabulum
1414 2232 1484 2264 ἓν»
1512 2231 1545 2261 in
1567 2229 1749 2273 apographo
1772 2228 1833 2260 sibi
1860 2229 1974 2260 tradito

362 2298 530 2330 superesse
561 2289 718 2330 spatium,
756 2299 775 2319 a
804 2300 838 2319 se
867 2288 973 2320 littera
1003 2300 1025 2322 n
1055 2299 1097 2320 ex
1125 2290 1307 2320 coniectura
1330 2271 1508 2330 e'xpletum;
1543 2286 1600 2318 sed
1623 2287 1655 2318 iu
1678 2286 1747 2328 ipso
1768 2284 1872 2327 lapide
1895 2284 1976 2317 nihil

358 2343 422 2376 tale
444 2351 615 2387 comparet.
660 2343 729 2375 Nec
752 2346 854 2386 magis
878 2345 1065 2383 ferendum,
1096 2345 1178 2387 quod
1203 2345 1286 2376 idem
1310 2355 1367 2386 pro
1391 2344 1459 2377 bn:
1483 2341 1653 2385 legendum
1676 2342 1776 2374 suasit
1797 2341 1881 2375 ὂντα.

484 2428 515 2458 3.
560 2415 604 2458 U't
621 2436 723 2458 meam
746 2426 785 2456 de
809 2425 871 2456 hoc
885 2425 976 2456 titulo
999 2427 1188 2457 sententiam
1213 2426 1328 2463 dicam,
1351 2431 1424 2456 aute
1443 2425 1552 2456 omnia
1573 2422 1781 2466 repetendum
1802 2429 1861 2460 est,
1888 2422 1971 2464 quod

356 2484 419 2513 iam
442 2493 539 2524 supra
559 2481 756 2524 significavi,
784 2483 818 2513 in
841 2481 1039 2523 singularum
1062 2481 1237 2512 litterarum
1253 2487 1407 2522 potestate
1429 2479 1612 2512 definienda
1626 2480 1689 2510 iam
1707 2477 1752 2510 Io.
1774 2478 1972 2510 Swintoneru

359 2549 467 2569 verum
498 2538 664 2577 docuisse,
701 2548 803 2580 neque
834 2539 868 2568 in
891 2543 1002 2580 ectypo
1027 2544 1134 2568 nostro
1157 2538 1350 2578 reperimus,
1386 2537 1468 2579 quod
1491 2536 1531 2568 de
1553 2535 1613 2568 hac
1634 2533 1732 2566 illave
1753 2533 1859 2566 littera
1881 2533 1974 2566 aliter

358 2602 498 2626 statuere
521 2594 662 2626 suadeat.
714 2592 888 2626 Nonnullis
911 2601 1016 2625 tamen
1040 2592 1203 2624 vocabulis
1226 2591 1319 2623 aliter
1341 2593 1453 2625 divisis
1474 2593 1519 2623 ita
1540 2590 1632 2632 lego:
