2242 2976
270 253 389 288 NUMI
402 251 553 289 PUNlcl
565 250 798 284 HISPANICI.
842 250 952 284 XVII.
969 250 1160 283 ABDERA.
1205 249 1331 283 XVIII.
1354 249 1498 282 BELUS
1519 259 1582 289 seu
1603 248 1764 282 BELON.
1815 251 1886 287 311

398 346 491 385 Quae
531 356 711 388 quanquam
751 345 829 377 satis
867 351 954 376 certa
992 351 1093 384 sunt,
1143 351 1251 376 tamen
1294 345 1334 376 de
1372 343 1551 376 litterarum
1587 343 1691 386 figur'a
1729 344 1888 386 variisque

267 402 424 446 exemplis
457 401 613 434 nonnulla
639 402 921 434 animadvertenda
950 408 1039 433 sunt:
1076 402 1110 432 in
1139 400 1254 444 quibus
1284 412 1346 432 non
1370 401 1598 444 negligendum
1621 408 1668 432 est
1690 400 1770 439 hoe,
1801 400 1887 442 apud

267 459 429 502 Bayerum
465 457 546 490 alias
583 459 855 490 accuratissimum
887 456 1011 489 litteras
1048 466 1115 492 ῆπι
1146 459 1179 489 in
1206 465 1320 491 rin-1:25
1345 468 1446 500 paene
1476 459 1546 489 sine
1575 458 1758 489 discrimine
1786 457 1887 499 pictas

267 527 358 555 esse,
396 516 488 559 quod2
515 526 609 548 secus
643 522 692 547 est
724 515 758 546 in
796 514 917 556 ectypis
953 512 1184 546 Mionnetianis
1219 521 1251 546 et
1283 515 1317 546 in
1353 515 1433 556 ipsis
1464 516 1569 546 numis
1600 525 1640 546 ex
1673 512 1887 545 delineatione

267 572 522 616 Hohlenbergii‚
553 582 646 615 quam
669 569 885 613 in‘plerisque
907 576 1034 601 secutus
1056 581 1139 601 sum.
1182 569 1220 602 In
1243 570 1399 613 exemplis
1422 577 1526 602 autem
1549 571 1668 602 nostris
1690 581 1762 601 eum
1785 570 1888 601 secuti

266 640 378 661 sumus
403 630 566 667 ordinem,
589 635 624 660 ut
644 627 685 659 ab
707 628 748 658 iis
770 626 922 668 profecti,
947 637 1028 668 quae
1045 625 1158 668 plenas
1171 633 1203 658 et
1217 625 1377 670 legitimas
1394 627 1548 659 haberent
1564 626 1742 658 litterarum
1755 626 1886 665 formas,

267 686 307 717 ad
330 696 369 717 ea
390 686 676 728 progrederemur,
715 693 849 725 quorum
878 681 1002 725 figurae
1024 693 1156 714 mancae
1175 690 1249 715 sunt
1271 691 1304 715 et
1325 683 1585 727 negligentiores.
1629 682 1665 714 In
1687 681 1749 714 litt.
1772 681 1799 713 B
1822 690 1887 717 ηπ

266 744 348 774 satis
376 741 458 774 bene
488 742 636 773 distincta
664 746 748 778 sunt,
787 738 875 778 Tau,
906 746 941 770 ut
960 740 994 771 in
1016 737 1208 771 Numidicis,
1253 739 1291 772 In
1311 739 1337 771 C
1368 739 1546 771 litterarum
1576 747 1640 773 Ἧι
1664 740 1768 781 capita
1789 738 1886 778 infra,

266 800 300 830 in
312 798 344 830 D
359 810 378 830 a
392 798 504 830 dextra
519 804 608 839 parte
622 803 731 838 aperta
745 802 821 827 sunt
836 796 887 837 (p.
902 798 952 826 22.
969 799 1020 827 24.
1035 798 1076 827 45
1085 796 1108 838 ).
1140 794 1231 833 Quae
1247 803 1423 839 sequuntur
1438 796 1630 839 epigraphae
1646 796 1799 838 repetitae
1813 802 1888 827 sunt

266 854 328 886 litt.
343 855 371 886 E
386 865 428 886 ex
444 853 603 885 Mionneti
617 851 721 894 suppl.
741 851 757 883 l
778 850 821 893 pl.
836 854 853 883 5
877 862 930 883 no.
948 854 978 883 6.
1023 851 1048 882 F
1071 863 1114 884 ex
1136 852 1283 895 exemplo
1305 852 1495 885 Dresdensi.
1531 852 1570 885 G.
1592 852 1741 887 Mionnet
1763 851 1826 884 tab.
1846 854 1886 884 19

266 922 318 943 no.
341 914 392 943 18.
435 910 468 941 H
491 920 532 941 ex
555 908 703 950 exemplo
729 909 905 940 Parisiensi
926 907 1130 950 (Hohlenb.)
1153 909 1191 940 cf.
1214 909 1362 942 Mionnet
1382 909 1485 953 suppl.
1506 909 1522 941 I
1541 909 1586 952 pl.
1609 912 1640 948 5,
1663 920 1716 940 no.
1741 912 1770 940 1.
1820 907 1823 911 '

393 965 519 998 Nomen
551 966 715 1007 proprium
745 972 858 1000 rin-12³
891 963 1084 995 Phoeniciae
1115 966 1250 1007 originis
1283 977 1372 1005 esse,
1409 968 1443 998 in
1474 966 1600 998 colonia
1628 965 1803 997 Phoenicia
1831 966 1885 1006 (v.

265 1022 378 1065 supra)
413 1023 491 1053 satis
515 1019 667 1052 credibile
690 1026 749 1051 est.
793 1019 860 1051 Iam
883 1018 1063 1051 Bochartus
1086 1031 1210 1063 quoque
1233 1018 1373 1064 (Geogr.
1396 1033 1421 1054 s.
1441 1034 1471 1065 p.
1497 1023 1579 1063 617)
1601 1029 1729 1063 etymon
1752 1023 1887 1053 circum-

264 1080 390 1122 spexit,
419 1078 496 1116 sed,
528 1076 610 1119 quod
633 1077 781 1118 proponit
790 1078 868 1128 )⁸)·>5
883 1077 1156 1118 propugnacula,
1185 1080 1399 1117 munimenta,
1429 1080 1506 1120 ipsis
1535 1080 1640 1110 numis
1663 1079 1802 1117 nostris,
1833 1078 1887 1120 qui

264 1148 374 1171 veram
395 1135 659 1179 orthographiam
681 1142 878 1174 monstrant,
902 1134 1072 1168 refellitur.

390 1193 441 1226 De
464 1191 596 1224 meliore
620 1198 726 1233 etymo
746 1191 924 1223 litterarum
946 1200 1059 1225 ria-1:³⁹
1082 1191 1162 1223 mihi
1183 1203 1248 1223 non
1272 1199 1412 1232 constat,
1451 1193 1588 1226 fortasse
1610 1201 1716 1226 tamen
1739 1195 1824 1225 viam
1846 1193 1886 1224 ad

263 1250 343 1282 illud
362 1249 591 1281 inveniendum
613 1250 717 1280 munit
739 1247 916 1291 epigraphe
938 1254 1047 1280 nostra
1068 1247 1129 1280 litt.
1151 1241 1202 1288 H,
1236 1259 1317 1291 quae
1339 1260 1410 1282 esse
1433 1251 1559 1282 videtur

1004 1325 1137 1351 naa-1:³2

266 1386 349 1418 unde
371 1390 567 1416 contractum
591 1394 662 1416 esse
682 1385 785 1426 possit
806 1391 937 1422 rin-1:2³,
960 1392 979 1416 ³²
1001 1383 1138 1416 abiecto.

616 1497 775 1531 XVIII.
827 1498 1071 1531 BELUS
1116 1508 1215 1531 SEU
1257 1499 1526 1538 BELON,

262 1590 381 1633 pariter
405 1596 499 1632 atque
524 1588 669 1628 Abdera,
707 1588 885 1631 Hispaniae
907 1588 1059 1631 Baeticae
1083 1590 1235 1631 oppidum
1257 1591 1470 1629 maritimum,
1504 1596 1596 1622 extra
1618 1589 1783 1622 columnas
1803 1589 1887 1621 Her-

263 1645 371 1678 culeas
393 1646 433 1677 ad
455 1647 559 1688 ipsum
580 1646 697 1678 fretum
719 1652 751 1677 et
767 1646 807 1676 ad
822 1645 955 1677 fluvium
971 1647 1196 1688 cognominem
1211 1647 1307 1678 situm
1322 1653 1408 1686 erat,
1432 1646 1489 1678 ubi
1503 1646 1657 1688 plurimus
1673 1648 1704 1678 in
1721 1647 1886 1691 regionem

263 1701 470 1745 TIngitanam
503 1704 665 1734 traiectus.
703 1702 819 1734 Strabo
842 1702 891 1734 III
913 1714 942 1744 p.
965 1705 1041 1734 140:
1074 1703 1125 1734 καὶ
1154 1702 1232 1743 μετὰ
1258 1706 1357 1735 ταῦτα
1387 1702 1577 1745 (Mellaria)
1600 1703 1706 1735 Βελών
1728 1702 1816 1739 πόλις
1837 1703 1888 1734 καὶ

263 1757 411 1799 πόταμος.
449 1758 598 1790 {maweu
621 1757 650 1790 οἱ
673 1757 796 1789 <hainam
819 1758 955 1798 μάλιστα
978 1759 1052 1790 εἰσὶν
1075 1760 1117 1796 εἷς
1141 1759 1245 1801 Τίγγιν
1269 1763 1324 1799 τῆς
1346 1760 1573 1801 Μαυρουσίας,
1610 1760 1659 1790 καὶ
1682 1759 1813 1801 ἐμπόρια
1836 1759 1887 1790 καὶ

263 1820 424 1857 ταριχεΐαι.
467 1814 654 1846 Marcianus
684 1813 893 1846 Heracleota:
927 1813 988 1846 ἀπὸ
1019 1815 1053 1847 δὲ
1082 1817 1247 1857 μενλαρίας
1269 1817 1311 1852 εἷς
1331 1818 1460 1848 Βελῶνα
1480 1814 1569 1847 πόλιν
1593 1815 1704 1847 στάδια
1726 1814 1762 1847 οὐ
1784 1805 1887 1847 ἦτλεῒον

264 1871 328 1914 ρμ’,
358 1870 426 1912 οὐχ’
450 1866 544 1913 ἧττον
567 1870 678 1903 στάδια
699 1869 738 1912 ρ’.
782 1870 905 1903 Eodem
928 1872 1023 1903 modo
1046 1871 1185 1914 appellat
1206 1871 1290 1903 Plin.
1317 1874 1347 1910 5,
1373 1875 1402 1904 1.
1433 1871 1521 1903 Mela
1544 1875 1575 1910 2,
1599 1874 1637 1910 6,
1672 1871 1781 1913 steph.
1804 1870 1885 1912 Byz.

263 1938 293 1960 v.
314 1927 439 1967 Βέλων,
471 1928 528 1959 sed
550 1926 751 1958 Ptolemaeus
781 1930 810 1966 1,
831 1931 862 1958 4.
899 1928 1024 1959 Βαίλων
1052 1928 1157 1970 (quod
1186 1928 1422 1970 reprehendere
1452 1939 1516 1959 non
1548 1927 1686 1960 debebat
1707 1927 1885 1968 Vossius),

263 1983 388 2016 Plinius
410 1987 442 2023 3,
464 1984 481 2015 1
513 1983 657 2022 Βαεῖοη,
696 1990 727 2014 et
758 1983 867 2025 Steph.
897 1983 976 2025 Byz.
1007 1984 1109 2016 Belus
1138 1991 1170 2016 et
1199 1984 1330 2023 Melue,
1362 1984 1485 2025 Βῆλος,
1515 1986 1630 2026 Μῆλος
1658 1995 1689 2016 v.
1712 1984 1772 2015 hac
1794 1994 1884 2023 voce,

263 2040 320 2073 ubi
342 2047 447 2072 tamen
472 2040 638 2072 confundit
660 2050 731 2071 cum
753 2038 921 2079 Mellaria,
946 2041 1030 2083 quod
1052 2048 1138 2073 recte
1161 2040 1311 2073 observat
1333 2030 1514 2073 Berkelius.
1559 2040 1596 2072 In
1615 2042 1720 2072 numis
1737 2039 1886 2072 scribitur

263 2097 362 2130 Bailo
396 2097 446 2140 (v.
469 2096 595 2128 Eckhel
612 2103 648 2136 ·1‚
674 2099 724 2128 16.
757 2096 905 2128 Mionnet
926 2096 942 2128 I
977 2108 1006 2139 p.
1030 2097 1088 2139 7),
1116 2097 1220 2129 vhodie
1251 2104 1300 2129 est
1328 2097 1479 2130 Bolom'a.
1523 2097 1632 2129 Huius
1656 2097 1745 2129 urbis
1768 2107 1884 2129 nomen

263 2155 349 2189 uby:
376 2153 496 2202 (n'ggq)
519 2155 671 2195 scriptum
691 2155 712 2185 i.
740 2164 769 2185 e.
793 2156 915 2185 civitas
943 2154 1003 2195 (cf.
1026 2155 1060 2184 in
1083 2153 1126 2185 V.
1149 2153 1189 2186 T.
1211 2154 1296 2202 ηξξὲ
1319 2165 1338 2185 a
1361 2153 1532 2186 Salomone
1554 2160 1741 2186 renovatum
1764 2157 1779 2185 1
1804 2153 1884 2196 Reg.

264 2214 295 2250 9,
321 2214 380 2250 18,
411 2211 445 2241 it.
475 2211 560 2259 ³222.
591 2211 629 2241 de
661 2210 785 2241 duobus
815 2210 940 2251 oppidis
970 2211 1003 2241 in
1033 2210 1118 2241 tribu
1147 2211 1248 2242 Judae
1278 2210 1346 2242 Jos.
1371 2213 1422 2249 15,
1445 2213 1465 2242 9
1488 2218 1519 2242 et
1541 2211 1601 2252 29)
1631 2212 1664 2242 in
1687 2221 1750 2241 non
1774 2211 1884 2252 paucis

214 2272 217 2275 “
264 2265 380 2309 legitur
403 2268 508 2298 numis
531 2266 740 2308 Hispanicis‚
776 2267 830 2309 qui
852 2265 1015 2309 hucusque
1035 2267 1118 2298 inter
1141 2268 1280 2298 incertos
1304 2274 1458 2298 errarunt.
1504 2266 1614 2309 Typus
1644 2273 1707 2298 est:

395 2323 502 2365 Caput
525 2322 693 2354 barbatum
716 2323 833 2354 nudum
856 2322 901 2354 ad
921 2326 982 2354 sin.
1002 2323 1028 2364 )(
1052 2322 1151 2354 Duae
1171 2327 1282 2367 spicae
1305 2322 1379 2366 (vel
1391 2323 1524 2363 solia),
1548 2335 1567 2355 a
1583 2324 1696 2355 dextra
1713 2322 1883 2365 epigraphe

266 2381 362 2414 nbwz.
392 2378 461 2411 ΑΕ.
500 2379 585 2411 Vide
607 2378 667 2410 litt.
690 2379 723 2410 H
746 2390 787 2411 ex
810 2378 959 2421 exemplo
982 2379 1088 2411 Musei
1109 2378 1297 2412 Britannici.
1343 2379 1454 2412 Simile
1466 2368 1650 2422 ,descripsit
1667 2379 1884 2421 Lindbergius

266 2446 296 2477 p.
318 2439 357 2467 41
383 2446 424 2467 ex
446 2435 562 2468 Museo
585 2435 759 2468 Monradii.
1145 2473 1147 2477 Ι

396 2491 502 2533 caput
527 2491 696 2524 barbatum
727 2492 843 2524 nudum
880 2491 925 2523 ad
953 2491 1116 2523 dextram.
1150 2493 1178 2535 )(
1219 2492 1291 2525 Uva
1320 2498 1353 2525 et
1382 2497 1493 2535 spica,
1530 2503 1628 2535 supra
1659 2493 1762 2529 nbwn,
1798 2491 1883 2522 infra

266 2547 468 2590 phoenicium
498 2557 520 2579 ··.
564 2548 648 2580 Vide
678 2548 738 2581 litt.
767 2549 799 2580 D
830 2556 862 2580 et
888 2548 933 2586 E,
967 2549 1006 2580 ad
1037 2547 1183 2591 exempla
1205 2549 1400 2581 Parisiensia
1421 2549 1569 2581 Mionnet
1587 2547 1702 2591 suppl.
1722 2547 1738 2579 I
1766 2559 1797 2589 p.
1822 2549 1882 2578 117

267 2614 319 2635 no.
341 2605 414 2635 676.
441 2606 499 2635 691
523 2603 567 2646 pl.
587 2607 608 2636 7
629 2599 682 2637 ηὀ.
706 2609 743 2645 7,
781 2616 860 2648 quae
883 2604 1057 2638 delineavit
1078 2605 1351 2649 Hohlenbergius.
