2242 2976
315 266 363 303 52
413 265 546 298 LIBER
570 265 743 299 PRIMUS.
786 265 1162 300 PALAEOGRAPHIA
1186 267 1443 302 PROEMCIA.
1488 269 1635 305 CAPUT
1659 271 1875 306 TERTIUM.

462 374 507 469 ΙΙ
567 408 611 422 =
633 400 668 443 μ.
692 393 806 436 (filius)
834 396 871 433 1,
894 396 924 429 3.
946 399 976 427 4.
998 399 1036 434 2,
1061 399 1090 428 2.
1113 398 1143 428 3.

416 496 519 558 ῃ
566 519 610 533 =
632 505 693 538 bs:
716 503 887 545 (dominus,
902 503 996 546 Baal)
1013 507 1042 544 1,
1057 508 1087 539 1.
1103 507 1181 538 etin
1194 518 1268 551 app.
1282 506 1343 540 bis.
1360 512 1390 548 2,
1407 511 1436 540 1.
1453 510 1480 540 3.
1499 510 1530 546 3,
1542 511 1571 540 1.
1587 511 1620 548 4,
1637 511 1665 540 1.
1682 511 1713 548 5,
1728 513 1756 541 1.
1771 508 1863 552 Trip.
1878 512 1949 550 2,1.

427 595 510 679 [⁰¹
566 614 787 653 =i‹1.1‚3.
808 618 840 646 4.
864 617 901 654 2,
926 618 957 646 2.
979 617 1071 654 3.4,
1094 618 1124 647 2.

375 698 434 792 ΙΧ
452 698 514 752 )))
567 732 611 747 =
633 724 695 761 von
719 715 795 763 (ῑνςη
818 716 897 748 deus
919 715 1056 758 solaris)
1081 720 1119 756 1,
1146 722 1172 749 1.

360 1155 455 1221 Γ]
466 1171 509 1205 ><

355 1253 387 1341 Ι
413 1255 442 1334 Γ
465 1263 510 1305 ²<

335 1493 380 1535 χ
397 1472 511 1553 fi,

350 1595 407 1667 π
426 1582 514 1656 <fr

319 1681 411 1713 Adde
440 1691 520 1724 quae
550 1681 590 1712 de
617 1679 733 1711 litteris
762 1678 870 1722 ligatis
898 1678 1122 1722 scribendique
1150 1681 1349 1723 compendiis
1369 1681 1476 1713 statim
1499 1681 1744 1714 observabimus
1767 1683 1796 1728 fi
1819 1660 1947 1717 36J37.

321 1737 469 1769 Ceterum
492 1747 534 1768 ex
555 1735 607 1768 his
628 1737 709 1779 ipsis
731 1737 955 1778 consequitur,
987 1736 1020 1767 in
1052 1734 1170 1768 talibus
1197 1735 1344 1779 legendis
1374 1736 1443 1769 sola
1471 1736 1742 1781 palaeographiae
1764 1741 1948 1783 cognitione

320 1792 402 1825 nihil
423 1792 518 1831 effici,
542 1793 605 1824 nisi
618 1803 735 1835 magna
748 1792 904 1835 quaedam
918 1790 1048 1834 linguae
1065 1793 1253 1824 exercitatio
1269 1794 1415 1826 accedat:
1439 1804 1542 1837 neque
1556 1795 1672 1826 mirum
1687 1801 1747 1836 est,
1771 1797 1871 1836 viros,
1893 1797 1949 1840 qui

320 1848 409 1881 illam
425 1848 528 1881 solam
550 1856 696 1880 tenerent
717 1848 899 1891 linguarum
921 1849 1105 1891 cognitione
1128 1850 1233 1881 minus
1254 1848 1370 1881 imbuti
1392 1851 1425 1881 in
1448 1849 1565 1883 talibus
1586 1849 1733 1894 legendis
1755 1862 1821 1885 non
1844 1854 1947 1897 magis

320 1905 512 1948 profecisse,
535 1916 629 1948 quam
644 1906 678 1936 in
694 1904 829 1943 Cuficis,
851 1905 884 1936 in
900 1904 1047 1937 Arabicis
1063 1903 1259 1948 Graecisque
1274 1904 1461 1948 vulgaribus
1475 1913 1507 1938 et
1522 1908 1555 1938 in
1571 1906 1778 1953 Aegyptiacis
1790 1907 1948 1952 legendis.

572 969 616 983 =
640 961 701 996 ψ»
724 952 768 984 id.
793 940 831 991 2',
856 954 886 984 1.
908 954 947 992 3,
973 955 1001 984 1.
1025 956 1064 992 4,
1090 955 1118 985 3.

575 1314 620 1328 =
641 1306 711 1350 nze
734 1297 769 1340 (i.
793 1309 823 1341 q.
845 1298 935 1332 nzbn
961 1298 1140 1340 imperium)
1164 1301 1199 1338 1,
1223 1302 1253 1331 2.
1277 1301 1314 1338 5,
1338 1303 1368 1331 1.
1389 1303 1427 1339 4,
1449 1302 1480 1332 2.

540 1463 619 1661 ξε..-
640 1557 705 1600 nb?
729 1557 861 1597 (voees,
885 1555 1012 1598 preces)
1036 1559 1073 1595 1,
1096 1559 1125 1588 2.
1148 1560 1185 1596 2,
1208 1561 1238 1589 2.
1260 1559 1297 1595 3.
1320 1561 1351 1594 2.
1376 1562 1413 1597 4,
1437 1561 1467 1591 3.
1491 1557 1583 1602 Trip.
1607 1563 1646 1599 2,
1670 1563 1701 1592 2-

1083 1983 1113 2021 §-
1137 1985 1188 2014 36.

819 2048 887 2081 De
929 2050 1147 2081 litteris
1188 2052 1451 2082 connexis.

449 2126 643 2158 Litterarum
673 2136 910 2164 connexarum,
942 2135 1026 2168 quae
1056 2126 1091 2157 in
1120 2123 1199 2157 solis
1228 2124 1297 2157 fere
1327 2126 1434 2158 numis
1462 2124 1592 2167 Tyriis,
1623 2127 1657 2158 in
1685 2127 1947 2170 inscriptionibus

322 2181 434 2215 Citieis
461 2190 493 2214 et
519 2183 552 2214 in
580 2182 769 2224 quibusdam
798 2181 997 2221 Numidicis,
1030 2182 1160 2213 omnino
1191 2192 1284 2220 raro,
1316 2189 1503 2222 occurrunt,
1537 2181 1656 2225 duplex
1684 2190 1734 2216 est
1764 2185 1860 2218 ratio.
1907 2184 1944 2218 Iu

322 2239 395 2271 aliis
416 2240 502 2271 enim
524 2239 606 2271 duae
628 2238 753 2270 litterae
775 2246 940 2270 connexae
962 2239 1108 2280 integrae
1130 2245 1332 2277 manserunt,
1362 2245 1398 2270 ut
1419 2240 1454 2271 in
1478 2247 1525 2275 52
1550 2249 1637 2271 num.
1658 2238 1738 2281 Tyr.
1759 2240 1804 2280 E,
1833 2241 1945 2274 ineert.

321 2294 444 2328 Phoen.
465 2295 512 2334 E,
543 2304 587 2329 :u
617 2293 679 2327 Cit.
710 2297 768 2333 13,
796 2298 833 2334 2,
864 2303 904 2329 nv
933 2305 1051 2337 gemm.
1081 2293 1190 2326 Clark.
1214 2305 1266 2326 no.
1289 2297 1350 2334 45,
1370 2285 1414 2328 *a*
1442 2294 1548 2338 Tugg.
1577 2294 1705 2338 Templ.
1726 2295 1783 2328 lin.
1806 2300 1835 2330 1.
1857 2300 1887 2330 3.
1909 2307 1947 2332 ”a

321 2351 401 2384 ibid.
439 2351 497 2384 lin.
533 2354 568 2384 5:
611 2353 646 2383 in
683 2350 757 2383 aliis
798 2358 907 2382 contra
947 2358 1081 2393 utraque
1121 2350 1229 2382 littera
1269 2351 1314 2382 ita
1354 2352 1387 2383 in
1424 2362 1522 2384 unum
1559 2359 1711 2395 tanquam
1746 2353 1946 2397 symplegma

322 2407 459 2447 coaluit,
489 2415 524 2440 ut
551 2407 603 2440 vel
625 2409 721 2440 unius
745 2405 796 2438 vel
816 2406 947 2439 alterius
969 2406 1075 2438 lineae
1097 2407 1253 2450 quaedam
1275 2409 1447 2449 perierint,
1470 2407 1612 2451 illudque
1631 2407 1830 2451 symplegma
1851 2412 1946 2444 unius

322 2499 447 2525 tantum
468 2492 594 2525 litterae
606 2493 746 2535 spatium
761 2497 916 2534 occupet,
941 2491 1027 2524 velut
1048 2490 1112 2524 Cit.
1130 2494 1162 2532 3,
1176 2494 1196 2523 3
1241 2471 1294 2556 ιτ
1320 2507 1365 2522 =
1384 2494 1447 2532 7³31,
1468 2492 1509 2525 cf.
1529 2493 1569 2528 ’b
1591 2492 1683 2532 ibid„
1706 2502 1750 2528 m
1767 2493 1830 2528 Cit.
1845 2498 1900 2537 26,
1913 2501 1946 2537 2,

326 2583 361 2612 m
387 2582 444 2618 18,
469 2583 498 2611 1.
526 2586 572 2612 :z
596 2577 657 2613 cit,
681 2580 739 2618 10,
763 2581 794 2611 1.
830 2586 864 2612 οη
885 2579 944 2616 23,
967 2579 1006 2617 3,
1036 2587 1061 2611 η
1086 2580 1143 2615 18,
1169 2576 1226 2614 lin,
1251 2582 1288 2619 3,
1319 2586 1365 2611 κ»
1384 2577 1502 2621 (vulgo
1524 2566 1593 2620 ηε)
1614 2580 1673 2618 23,
1696 2582 1735 2618 2,
1764 2589 1808 2616 η,
1833 2583 1892 2621 12,
1916 2585 1946 2614 2.

326 2643 366 2667 :m
390 2637 428 2666 13
448 2642 530 2668 extr.
574 2634 689 2668 Trium
709 2634 889 2668 litterarum
911 2634 1020 2678 (qap)
1042 2635 1239 2679 symplegma
1261 2647 1333 2668 esse
1354 2636 1481 2668 videtur
1503 2633 1568 2667 Cit.
1590 2637 1650 2674 26,
1672 2637 1704 2667 3.
