2242 2976
351 279 645 315 MONUMENTA
667 281 814 314 SEMIT.
837 280 1022 314 AEGYPT.
1067 281 1223 313 LXXIII.
1255 256 1453 314 l‘APYRUS
1478 281 1757 315 TURINENSIS.
1822 286 1897 322 235

275 386 443 407 aramaeae
466 377 622 407 rationem
645 384 670 409 π
691 376 724 407 in
748 375 804 407 tali
826 375 1004 408 litterarum
1033 377 1278 407 consecutione:
1307 384 1487 415 mum-mn,
1512 385 1697 415 nun-mma,
1721 386 1899 417 nmmsnm,

275 442 340 463 non
369 432 471 471 ferre,
511 431 606 464 facile
636 443 748 464 omnes
778 432 962 464 concedent.
1006 432 1064 463 Est
1088 433 1186 475 igitur
1215 432 1298 471 Jod,
1336 434 1431 474 idque
1455 433 1562 475 paullo
1585 435 1688 465 maius
1710 436 1838 476 pictum.
1862 454 1901 459 --

274 487 438 531 Integrum
471 490 535 520 iam
564 488 759 521 vocabulum
786 499 846 531 pro
875 490 988 520 tertiae
1016 488 1142 520 litterae
1172 490 1296 520 ratione
1324 488 1390 531 legi
1424 497 1527 531 potest
1554 490 1606 522 vel
1634 500 1808 531 num-arm,
1849 491 1900 523 vel

273 554 338 578 πω
340 553 445 584 wrm,
478 545 528 610 vel
552 547 687 589 denique
711 554 872 579 ηψπ-τινε.
917 545 1059 576 Primum
1082 544 1162 576 illud
1184 545 1339 587 explicari
1362 547 1479 588 possit.
1510 556 1555 578 ex
1577 552 1738 590 egestate,
1758 559 1901 590 pauper-

275 657 483 689 Chaldaismo
512 660 582 690 eius
614 659 729 689 radicis
761 656 882 689 nullum
904 658 1074 700 vestigium
1099 659 1217 700 reperi.
1261 657 1406 689 Alterum
1430 661 1491 691 nai-¹
1495 668 1577 691 πεπυ
1602 662 1686 702 (ηυξ
1689 662 1790 708 7:1773)
1816 673 1901 693 com-

275 715 404 746 modum
441 725 570 746 sensum
603 714 789 756 praeberet,
831 715 859 745 si
888 722 1013 756 egwina
1044 714 1207 762 (Νῑξηξη)
1240 715 1358 747 dictum
1389 717 1581 757 scriptumve
1612 719 1814 749 existimares
1844 730 1901 760 pro

275 774 407 804 rtwnnn
439 770 603 808 subactio,
625 770 826 834 'subzugatio
857 769 1166 817 (Unterjochung)‚
1204 782 1223 801 a
1252 772 1319 802 rad.
1346 775 1439 810 ιιὶζιε),
1476 773 1559 814 quod
1596 773 1676 804 nihil
1705 774 1900 806 difficultatis

275 890 311 914 ut
339 886 462 932 ενδ-ἠς
491 885 533 915 sit
559 894 675 915 nornen
710 883 833 915 formae
863 885 963 917 vmbri
996 895 1015 914 a
1043 884 1108 915 rad.
1140 894 1199 918 *zm-7
1232 886 1255 915 i.
1279 896 1305 927 q.
1331 888 1448 930 &ui-117&
1475 887 1695 925 conculcatae,
1727 890 1900 919 traturata'o

273 940 339 971 Jes.
363 943 422 978 22,
446 943 475 972 7.
520 939 664 971 Mediam
695 939 791 971 huius
821 941 938 972 radicis
969 939 1106 971 litteram
1138 941 1296 972 interdum
1328 920 1478 972 mobilem
1506 953 1577 973 esse
1600 950 1756 974 testantur
1779 943 1900 975 formae

275 1005 377 1030 mmm
409 995 553 1040 (sujum)
585 987 710 1027 trtiura
736 994 838 1027 Basra
867 995 923 1027 fol.
946 1000 997 1034 22,
1018 999 1037 1027 2
1069 1003 1101 1027 et
1133 999 1198 1042 κύῃ
1227 997 1434 1028 consuetudo.
1485 998 1711 1030 [trituratione
1739 1007 1844 1031 autem
1874 1011 1899 1032 s.

275 1038 746 1099 conculcatione'intelligenda
770 1051 943 1083 tribulatio
967 1063 991 1084 s.
1016 1055 1201 1094 oppressio,
1233 1053 1273 1084 cf.
1298 1055 1409 1100 Ἥξει-ιη
1438 1053 1504 1086 Jes.
1528 1058 1580 1093 22,
1608 1058 1658 1086 10.

405 1137 484 1164 ivm>
509 1130 613 1172 77:25)
642 1130 736 1162 Prius
764 1129 956 1162 vocabulum
985 1130 1162 1162 indubium.
1214 1130 1378 1162 Posterius
1400 1133 1434 1162 in
1457 1138 1591 1174 utroque
1613 1133 1800 1175 apographo
1823 1143 1899 1168 ιτς-ιε

275 1188 447 1231 legendum
471 1194 537 1226 est,
567 1187 650 1228 quod
673 1198 719 1228 pr.
743 1186 827 1218 valet
849 1190 999 1229 nigrum,
1022 1187 1232 1229 denigratum
1256 1188 1306 1229 (v.
1329 1187 1479 1220 Buxtorf.
1501 1199 1535 1230 p.
1561 1190 1651 1220 1711.
1676 1191 1796 1231 1712),
1827 1190 1899 1222 coll.

276 1246 373 1276 etiam
396 1244 485 1275 arab.
511 1248 583 1294 p&
607 1244 722 1285 niger,
756 1243 830 1274 inde
862 1242 950 1274 facili
979 1243 1186 1275 translatione
1215 1247 1384 1283 miserum,
1415 1244 1600 1283 infelicem,
1631 1246 1671 1276 cf.
1694 1249 1783 1280 251>
1811 1248 1903 1289 niger

277 1304 312 1346 2)
333 1302 449 1334 infelix
471 1304 551 1341 fuit,
581 1310 613 1334 et
635 1303 733 1344 intpp.
758 1303 798 1334 ad
821 1302 874 1334 Ps.
893 1305 943 1341 10,
963 1307 992 1334 8.
1038 1301 1111 1333 Non
1134 1303 1277 1344 ineptum
1301 1302 1380 1341 hoc:
1409 1305 1621 1345 quaesiverim
1644 1310 1749 1336 tamen
1772 1316 1812 1336 ex
1838 1306 1900 1344 his,

277 1359 394 1403 quibus
416 1361 526 1402 papyri
547 1358 740 1401 inspiciendi
764 1360 854 1400 copia
875 1366 939 1397 est,
969 1359 1110 1400 possitne
1129 1357 1192 1400 legi
1211 1367 1291 1392 ττι-ἠπ
1315 1360 1472 1398 dilectus,
1495 1363 1552 1391 cui
1565 1358 1737 1391 miseretur
1759 1361 1901 1403 (Deus),

279 1418 364 1460 quod
393 1427 471 1448 sane
500 1416 541 1447 ad
571 1415 763 1447 sententiam
792 1414 929 1447 facilius.
983 1415 1085 1446 Servo
1122 1423 1226 1446 autem
1250 1416 1318 1446 sive
1342 1417 1459 1446 misero
1489 1418 1557 1447 sive
1588 1416 1704 1448 dilecto
1738 1417 1791 1448 vel
1819 1429 1901 1450 unus

277 1480 388 1504 auctor
413 1472 551 1515 intelligi
573 1478 694 1514 potest,
726 1470 777 1502 vel
797 1473 964 1503 universus
986 1471 1122 1513 populus
1146 1471 1341 1503 israeliticus
1359 1473 1391 1502 in
1407 1473 1560 1516 διασπορᾷ
1576 1473 1704 1511 vivens,
1727 1475 1901 1506 secundum

278 1528 358 1561 illud
379 1529 445 1562 Jes.
466 1532 520 1567 42,
539 1531 569 1560 1.
590 1531 643 1566 49,
663 1533 690 1559 1.
737 1526 832 1565 Quod
854 1529 1019 1570 sequitur,
1042 1531 1145 1566 „vita
1167 1538 1233 1559 uua
1255 1531 1336 1559 est“
1369 1529 1469 1569 priori
1491 1530 1669 1559 sententiae
1697 1529 1794 1560 favet.

406 1613 525 1645 sextae
553 1612 641 1643 vocis
671 1610 777 1642 littera
806 1612 926 1653 prima,
965 1612 1054 1642 cuius
1084 1609 1212 1652 aliquod
1245 1621 1343 1643 cornu
1373 1619 1538 1654 superest,
1583 1622 1608 1645 ω
1633 1612 1733 1644 fuisse
1766 1614 1901 1645 videtur.

280 1671 447 1703 Sententia
482 1669 583 1710 poscit
617 1656 842 1710 imperativum
879 1667 986 1704 verbi,
1031 1667 1115 1709 quod
1157 1667 1339 1710 erz'pz'endi,
1385 1669 1542 1700 servandi
1577 1671 1640 1700 vim
1676 1669 1803 1700 habeat.
1867 1670 1903 1701 Si

280 1727 380 1759 Schin
410 1732 459 1757 est
486 1724 542 1756 illa
570 1724 695 1762 littera,
726 1723 838 1766 supple
867 1725 978 1761 mbo,
1009 1725 1129 1756 ’Πηῡέω
1162 1723 1322 1763 extrahe,
1365 1727 1457 1767 eripe
1486 1736 1556 1756 eum
1586 1724 1637 1755 vel
1661 1724 1745 1756 aliud
1769 1726 1902 1758 verbum

280 1783 430 1816 servandi
459 1782 572 1822 'kz-:bum
602 1781 716 1821 772m):
755 1791 816 1821 quo
845 1780 929 1811 facto
959 1781 1118 1810 sententia
1147 1781 1272 1822 integra
1302 1782 1376 1811 erit:
1415 1791 1460 1812 ex
1489 1781 1704 1816 tribulatione
1732 1786 1822 1813 servi
1854 1787 1906 1814 tui

280 1842 395 1872 miseri
423 1841 516 1880 eripe
546 1847 616 1868 eum
647 1838 668 1867 i.
695 1847 722 1866 e.
747 1847 788 1867 ex
816 1835 1022 1867 tribulatione
1053 1837 1140 1877 eripe
1169 1847 1297 1867 servum
1330 1843 1419 1867 tuum
1448 1838 1609 1868 miserum.
1661 1837 1746 1868 Inter
1777 1848 1902 1870 versum

280 1897 418 1939 primurn
442 1901 473 1925 et
492 1893 666 1925 secundum
687 1903 750 1923 non
775 1891 909 1924 multum
933 1892 1044 1923 deesse
1060 1892 1201 1923 videtur:
1225 1899 1256 1923 et
1270 1893 1406 1924 fortasse
1423 1894 1455 1923 in
1473 1892 1535 1924 hoc
1552 1894 1653 1935 ipsum
1667 1901 1791 1925 sextum
1809 1905 1903 1926 voca-

280 1951 392 1985 bulum
415 1950 525 1982 exibat
545 1960 667 1980 versus.

409 2035 485 2067 Lin.
508 2037 538 2065 2.
583 2042 651 2067 :7717
677 2034 757 2074 mn)
779 2041 850 2081 :7712
871 2041 933 2078 αξη
955 2035 1027 2064 vita
1049 2038 1098 2063 est
1120 2042 1204 2071 una,
1234 2035 1350 2070 unica,
1372 2033 1607 2075 irreparabilis,
1641 2035 1724 2065 unde
1744 2035 1777 2065 in
1803 2034 1844 2065 V.
1863 2034 1902 2067 T.

282 2102 375 2140 ffffl?
397 2092 448 2124 Ps.
464 2094 515 2129 22,
534 2093 585 2121 21.
608 2092 662 2128 35,
687 2092 736 2122 17.
780 2089 831 2120 De
853 2088 920 2120 Jod
939 2089 971 2119 in
993 2097 1051 2122 ωτι
1076 2088 1161 2131 (non
1185 2100 1241 2131 pro
1258 2087 1363 2120 Gimel
1380 2088 1548 2131 habendo)
1573 2091 1645 2122 vide
1668 2101 1773 2133 supra.

411 2184 478 2210 *om-r·
507 2182 592 2208 ’τινα
624 2174 772 2215 wamma)
808 2172 843 2205 ln
875 2182 987 2207 &7³7127
1021 2172 1128 2204 Rescla
1158 2174 1318 2214 posterius
1347 2184 1367 2204 a
1389 2173 1571 2214 Seyffartho
1595 2185 1658 2205 non
1684 2175 1765 2206 bene
1787 2177 1902 2216 pictum

282 2245 372 2272 esse,
395 2244 494 2275 snpra
517 2233 562 2273 (ξ.
587 2230 627 2270 1)
650 2231 801 2262 diximus.
844 2229 937 2271 Apud
960 2230 1095 2260 eundem
1119 2228 1186 2260 Jod
1208 2231 1306 2270 possit
1329 2229 1459 2261 dubium
1483 2230 1600 2269 videri,
1624 2232 1727 2262 sedin
1745 2231 1902 2262 Bochettii

284 2289 469 2346 apographo
506 2295 640 2330 utraque
673 2286 779 2318 littera
813 2293 899 2318 certa
930 2292 988 2316 est.
1041 2285 1202 2327 Integrum
1234 2285 1424 2317 vocabulum
1453 2293 1503 2317 est
1531 2288 1638 2318 tritum
1668 2287 1746 2318 illud
1777 2290 1902 2332 etv-1225,

285 2333 377 2386 ἶημμ
391 2349 535 2388 firmm,
559 2351 728 2386 comtum,
751 2356 864 2384 verm,
889 2346 942 2387 qui
965 2346 1124 2387 promissa
1145 2351 1260 2376 servat.
1284 2362 1325 2367 —
1369 2343 1521 2382 Quintam
1543 2345 1639 2377 huius
1661 2357 1771 2377 versus
1794 2355 1903 2378 vocem

284 2409 349 2453 legi
378 2418 443 2443 ης-,η
474 2413 542 2446 est,
578 2418 617 2439 ne
640 2404 907 2449 palaeographiae
930 2403 1058 2446 regulas
1081 2411 1200 2435 temere
1224 2404 1378 2446 migrasse
1401 2405 1537 2436 viderer.
1584 2405 1705 2443 Quarta
1727 2407 1811 2436 enim
1835 2408 1903 2437 eius

284 2464 390 2497 littera
405 2467 437 2496 in
455 2472 587 2507 utroque
603 2463 787 2506 apographo
807 2468 857 2493 est
879 2461 1009 2499 eadem,
1032 2471 1113 2503 quae
1135 2459 1212 2492 alibi
1235 2461 1267 2491 in
1292 2459 1353 2492 hoc
1368 2471 1487 2502 papyro
1502 2461 1570 2492 Jod
1583 2469 1641 2493 est.
1686 2461 1902 2493 Nihilominus

286 2520 374 2553 hau&
400 2523 469 2553 scio
489 2532 530 2552 an
552 2529 617 2554 '‘h-1¹·
637 2521 788 2562 scriptum
812 2519 853 2550 sit
881 2529 939 2560 pro
963 2525 1039 2551 ΠἾὶ-Γ·
1066 2517 1130 2557 (cf.
1151 2516 1287 2549 formam
1308 2517 1383 2548 inde
1406 2524 1597 2549 contractam
1619 2518 1682 2559 ν’),
1719 2519 1903 2559 praesertim

287 2587 385 2619 quum
417 2577 548 2609 verbum
577 2577 811 2609 substantivum
842 2574 904 2606 hoc
932 2581 1084 2606 contextu
1113 2574 1181 2605 fere
1210 2573 1374 2616 langueat..
1414 2573 1494 2604 Exit
1522 2584 1633 2606 versus
1662 2575 1694 2604 in
1726 2573 1856 2604 verbum
1885 2586 1904 2606 a

286 2633 401 2665 litteris
424 2642 457 2669 a*
478 2633 624 2671 ordiens,
656 2633 792 2664 fortasse
816 2641 900 2675 τιν-ις»
922 2631 1053 2663 sanctae
1077 2635 1166 2669 ests
1181 2629 1232 2661 vel
1262 2628 1366 2661 simile
1390 2630 1475 2670 quid.

1020 2692 1026 2695 “
1448 2691 1489 2718 30
1513 2693 1527 2709 *
