2242 2976
783 218 1003 253 ADDENDA
1026 217 1292 253 CONTINENS.
1765 223 1843 263 465

220 314 392 355 inscriptae
412 302 537 351 ῥιπὶ,
553 312 594 346 cf.
618 311 785 356 ἀπόκρυφα
804 312 975 355 Ἀμοονέων
995 312 1164 355 γράμματα
1185 303 1236 356 up.
1258 313 1342 346 Phil.
1364 312 1458 356 Bybl-
1481 324 1513 356 p.
1530 316 1550 345 7
1572 312 1674 346 orell.
1703 314 1843 349 Hamak.

221 369 362 402 miscell.
385 372 426 402 53
449 379 518 411 sqq.
1463 382 1468 385 ·

350 426 427 468 Pag.
460 428 531 458 180.
579 425 751 468 Principis
780 426 865 468 (aa)
896 428 1044 465 nomine,
1082 438 1145 470 quo
1169 428 1253 458 Bem‘
1277 428 1310 459 in
1333 425 1446 473 (getth.
1468 430 1489 459 8
1511 426 1702 469 insignitur,
1725 423 1846 461 intelli-

221 482 345 525 gendus
383 482 508 514 videtur
541 492 623 513 unus
654 484 678 513 ‘e
706 486 869 514 seniorum
892 483 1101 526 prinet'pu'bue
1124 484 1207 525 apud
1237 482 1526 526 Carthaginenses,
1560 484 1603 515 de
1630 484 1747 526 quibus
1772 482 1844 517 vide

218 538 292 572 Liv.
314 541 367 578 30,
392 541 442 571 ¹6.
471 538 585 570 lustin.
609 541 662 577 31,
684 542 714 570 2.
756 537 808 570 cf.
831 539 1014 571 Hendreich
1037 540 1076 572 de
1098 550 1164 582 rep.
1188 538 1299 571 Carth.
1327 550 1359 582 p.
1383 542 1457 572 319.

162 596 165 601 '
346 595 424 638 Peg.
455 598 527 627 182.
579 595 660 626 Sero
686 596 913 635 animadverti,
953 597 1049 628 etiam
1080 596 1231 628 Punicam
1269 595 1365 628 buius
1399 595 1576 639 apographi
1606 603 1727 638 partem
1760 596 1843 629 nihil

220 650 308 685 aliud
337 653 504 683 continere
533 662 627 694 quam
657 653 878 694 inscriptionis
907 651 1092 695 Tuggensis
1122 653 1278 695 quaedam
1305 652 1486 695 fragmenta
1513 653 1652 694 pessime
1674 653 1841 696 descripta.

220 706 375 740 Extrema
396 714 482 739 certe
503 707 590 740 linea
611 708 782 740 manifesto
803 716 982 740 extremum
1003 707 1088 741 tituli
1109 708 1295 752 Tuggensis
1319 719 1446 740 versum
1470 708 1612 754 continet
1633 716 1666 741 et
1689 710 1785 741 etiam
1806 711 1840 741 in

218 763 351 807 reliquis
374 763 495 807 figuras
518 764 592 796 huic
614 764 705 796 titulo
727 766 892 807 proprias,
932 764 1018 797 velut
1039 765 1123 804 Ain,
1159 764 1255 797 facile
1276 766 1436 808 agnoscis.
1480 751 1624 797 Omnino
1642 764 1724 797 falsa
1745 766 1842 808 igitur

173 845 179 851 .
218 818 277 852 mn
297 819 373 853 libri
394 820 644 853 Beverlandiani
667 822 706 852 de
729 820 790 853 bac
811 822 1020 864 inscriptione
1039 821 1253 861 in‚‚1heatro
1273 821 1556 864 Carthaginem&
1578 829 1703 864 reperta
1718 823 1840 861 notitia,

219 877 424 919 poenitetque
452 888 511 909 non
543 877 607 909 loci
638 879 668 909 ei
689 879 723 909 in
746 888 845 920 opere
866 885 976 909 nostro
1000 879 1166 920 assignati
1208 877 1361 911 Getarum
1384 883 1561 910 memoratu
1585 877 1716 920 dignum
1735 877 1841 916 fuerit,

218 933 253 963 in
275 932 490 975 descriptione
512 933 641 965 Africae
662 935 792 975 saepius
814 933 942 966 laudata
964 945 983 965 a
1005 934 1228 972 Quatremerio
1243 934 1358 977 gallice
1374 933 1527 966 translata
1541 935 1735 966 mentionem
1751 935 1840 966 iniici

220 988 272 1031 (p.
282 989 338 1030 ⁶5)
352 990 596 1030 „inscriptionis
610 989 874 1031 HinJaru'ticae“
889 991 922 1021 in
936 990 1062 1028 theatro
1073 989 1320 1033 Carthaginensi
1335 990 1489 1033 repertae.
1511 989 1627 1023 Nonne
1642 989 1721 1022 haec
1737 992 1840 1033 potius

219 1045 341 1077 Punica
362 1044 452 1076 erati
484 1043 605 1076 Saltem
627 1046 784 1086 scriptura
804 1044 923 1076 Punica
948 1055 1018 1076 cum
1047 1045 1251 1087 Himjaritica
1279 1046 1319 1078 ab
1349 1046 1519 1079 illitteratis
1541 1046 1725 1078 hominibus
1746 1045 1840 1078 facile

219 1100 373 1132 nonfundi
393 1107 532 1142 poterat:
556 1100 855 1143 Himjaritieamque
876 1102 1063 1142 scripturam
1085 1101 1120 1132 in
1140 1100 1258 1133 tbea'tri
1279 1100 1542 1144 carthaginensis
1555 1101 1724 1134 ruderibus
1747 1113 1840 1134 nemo

219 1155 315 1189 facile
337 1163 512 1198 exspectet.

348 1212 520 1257 Png.196
549 1213 589 1244 ud
612 1220 678 1244 not.
700 1214 753 1254 ⁸⁸).
797 1211 872 1244 Alia
898 1212 1054 1254 quaedam
1082 1211 1206 1253 Libyca
1227 1222 1248 1243 a
1277 1211 1438 1244 veteribus
1459 1214 1575 1244 traditu
1596 1220 1689 1246 sunt·
1718 1213 1840 1251 Βαττος

220 1279 279 1301 rex
301 1268 424 1300 Herod.
443 1272 481 1308 4,
507 1272 589 1308 155,
623 1268 747 1311 ζεγέριες
767 1268 868 1301 colles
890 1275 922 1300 et
941 1269 1080 1299 murium
1102 1278 1204 1311 genus
1221 1268 1265 1301 ib.
1278 1272 1311 1308 4,
1329 1271 1390 1301 192
1413 1269 1475 1310 (cf.
1498 1268 1571 1312 μζ
1590 1268 1690 1311 389),
1717 1269 1840 1307 Ἄδικος

222 1324 336 1357 Venus
358 1324 503 1367 Hesych-

350 1392 426 1435 Pag.
450 1395 523 1425 200.
552 1392 606 1424 lin.
627 1395 677 1425 25.
728 1391 780 1424 Ne
809 1403 940 1425 necesse
970 1393 1096 1435 quidem
1119 1399 1185 1431 est,
1220 1402 1277 1434 pro
1305 1385 1368 1431 Χ
1405 1402 1561 1435 reponere
1608 1386 1704 1443 χ,
1743 1403 1837 1438 quum

220 1453 310 1495 prius
342 1453 470 1496 signum
499 1453 595 1484 etiam
624 1454 656 1484 in
687 1462 783 1484 numo
810 1451 1037 1484 Panormitano
1066 1451 1148 1495 apud
1170 1449 1327 1492 Bayerum
1352 1461 1410 1493 pro
1432 1450 1522 1483 Mem
1544 1451 1736 1494 reperiatur,
1767 1453 1838 1484 vide

221 1519 252 1551 p.
278 1501 351 1542 289.

350 1565 425 1608 Pag.
447 1568 521 1598 205.
566 1564 601 1597 ln
625 1563 756 1597 Numid.
778 1566 797 1596 3
828 1563 884 1596 lin.
907 1568 926 1597 3
959 1575 990 1597 n.
1015 1575 1063 1607 pr.
1095 1562 1227 1596 alterius
1256 1565 1402 1596 voventis
1429 1565 1485 1596 vix
1515 1561 1607 1596 aliter
1636 1563 1703 1608 legi
1723 1567 1839 1608 poterit

223 1631 323 1664 quam*
339 1623 474 1660 banni-1,
517 1621 800 1664 quomodocunque
822 1615 884 1653 hoc
906 1619 1094 1663 explicabis.

350 1678 427 1720 Pag.
439 1681 507 1710 208.
529 1677 567 1709 In
584 1679 681 1709 inser.
695 1677 872 1709 Numidica
886 1681 1007 1720 quarta
1021 1676 1077 1708 lin.
1090 1680 1104 1708 1
1120 1676 1179 1708 litt.
1189 1681 1210 1708 4
1225 1683 1336 1719 ectypo
1354 1677 1458 1708 denuo
1471 1677 1615 1719 inspecto
1631 1686 1693 1709 non
1702 1676 1836 1717 Lamed,

223 1735 280 1766 sed
302 1732 387 1773 Jod,
418 1745 490 1766 esse
514 1735 656 1772 videtur,
691 1740 726 1764 ut
754 1733 924 1776 legendum
956 1734 998 1765 sit
1027 1734 1156 1768 3³:2an
1179 1734 1280 1767 ’biom‘
1295 1743 1354 1775 pro
1377 1733 1529 1768 59:22st
1550 1733 1642 1773 imm,
1681 1727 1838 1766 sententia

223 1801 287 1823 non
318 1797 454 1829 mutata,
493 1801 588 1833 quum
617 1799 631 1816 ἰ
662 1791 758 1822 statui
787 1795 968 1821 constructo
993 1790 1153 1821 adiectum
1176 1789 1337 1828 videatur,
1366 1796 1400 1821 ut
1422 1788 1554 1855 Numid.
1576 1792 1608 1829 6,
1632 1791 1667 1822 δ”
1690 1798 1734 1823 τι»
1754 1791 1835 1826 ’bum

224 1848 408 1879 ‹luminator
433 1848 558 1889 populi.

352 1903 389 1936 ln
411 1902 611 1935 difficillimis
634 1903 776 1935 eiusdem
803 1901 887 1934 tituli
908 1900 1051 1944 partibus
1074 1901 1154 1933 mihi
1178 1912 1303 1944 semper
1326 1902 1455 1933 fuerunt
1474 1895 1585 1934 versus
1604 1902 1698 1944 primi
1714 1901 1838 1934 litterae

230 1963 366 1998 11-14,
390 1971 469 2002 quas
484 1970 579 2001 supra
594 1970 634 1991 ex
651 1958 882 1997 delineatione,
904 1968 998 2001 quam
1013 1957 1166 2000 Lugduni
1182 1958 1339 1997 feceram,
1361 1958 1506 1990 iudicans
1520 1957 1585 2001 legi
1601 1958 1839 2001 ῆιυῠ-ιρνοόιιε.

227 2016 345 2048 Verum
374 2022 503 2057 accepto
532 2022 645 2057 ectypo
674 2026 795 2058 gypseo
827 2013 988 2052 intellexi,
1026 2014 1104 2046 duas
1132 2013 1255 2047 litteras
1284 2021 1461 2056 postremas
1493 2013 1601 2056 paullo
1630 2013 1720 2046 aliter
1743 2021 1774 2046 et
1794 2017 1839 2046 ita

225 2072 432 2105 delineandas
463 2082 550 2110 esse,
586 2078 621 2103 ut
648 2073 681 2103 in
712 2071 821 2103 tabula
851 2077 960 2103 nostra
984 2070 1102 2101 factum
1133 2077 1200 2109 est,
1236 2077 1329 2114 atque
1351 2071 1467 2102 iccirco
1490 2066 1625 2115 nonum
1646 2069 1712 2114 legi
1734 2081 1837 2112 posse,

225 2130 282 2161 sed
303 2127 511 2172 probabiliter
533 2137 567 2161 ’n
589 2138 672 2160 esse.
717 2127 794 2160 Inde
816 2127 921 2170 prodit
942 2135 1024 2161 *razn
1050 2126 1226 2166 Citiensis,
1253 2126 1337 2169 quod
1357 2127 1434 2158 ferri
1455 2133 1580 2171 potest,
1603 2126 1728 2158 etiamsi
1748 2133 1838 2168 pater

226 2184 430 2218 Schebtbalie
461 2185 500 2216 de
532 2183 747 2227 explicatione
770 2194 880 2216 versus
902 2184 1033 2215 secundi
1064 2194 1084 2214 a
1106 2183 1200 2216 nobis
1221 2184 1382 2226 proposita
1409 2193 1471 2226 rex
1497 2178 1712 2227 Massylorum
1735 2182 1836 2215 fuerit.

225 2241 374 2274 Ceterum
401 2242 540 2284 ingenue
563 2240 686 2280 fateor,
715 2241 933 2283 inscriptionis
954 2238 1144 2272 Numidicae
1173 2246 1286 2274 sextae
1313 2246 1344 2272 et
1370 2239 1522 2286 septimae
1545 2239 1835 2280 interpretationem

227 2308 343 2330 novum
360 2296 439 2329 mihi
455 2295 635 2339 scrupulum
653 2297 692 2328 de
708 2307 802 2328 versu
814 2296 955 2328 secundo
973 2296 1131 2328 iniecisse.
1167 2296 1316 2342 Quinque
1332 2296 1416 2341 enim
1434 2301 1594 2336 postrema
1607 2304 1691 2337 vers.
1703 2298 1723 2326 2
1746 2296 1838 2338 signa

228 2354 397 2386 admodum
418 2352 536 2385 similia
558 2360 631 2385 sunt
652 2352 723 2392 his,
754 2363 833 2395 quae
857 2351 987 2384 Numid.
1011 2355 1043 2391 7,
1060 2355 1080 2384 2
1103 2351 1198 2394 (coll.
1217 2355 1249 2392 6,
1266 2350 1461 2397 5)³,legimus
1483 2352 1542 2384 ΠΒ»
1568 2359 1623 2391 ivn.
1640 2351 1839 2390 sacrificium

226 2410 418 2442 holocausti.
462 2409 568 2448 Quum
590 2410 703 2447 etiam,
733 2419 814 2451 quae
835 2408 1045 2450 praecedant,
1076 2408 1245 2440 admodum
1270 2407 1404 2439 obscura
1421 2407 1502 2445 sint,
1534 2417 1554 2438 a
1575 2408 1642 2438 veri
1656 2408 1761 2448 specie
1775 2418 1836 2438 non

227 2465 367 2498 alienum
395 2466 508 2506 fuerit,
540 2467 635 2497 etiam
665 2465 749 2496 hunc
778 2464 914 2507 lapidem
937 2464 976 2495 ad
1000 2463 1188 2496 sacrificium
1212 2463 1338 2506 aliquod
1363 2462 1537 2494 humanum
1559 2464 1730 2505 pertinere.
1774 2463 1838 2495 Sed

226 2530 345 2555 certam
365 2522 460 2554 huius
482 2533 592 2554 versus
614 2522 907 2564 interpretationem
929 2531 949 2551 a
969 2520 1076 2552 futuro
1098 2527 1239 2582 tenpore
1260 2525 1462 2574 exspectare
1475 2517 1584 2558 malo,
1620 2530 1715 2562 quam
1739 2530 1839 2552 novas

227 2578 390 2612 cumulare
414 2580 620 2611 coniecturas.

1341 2634 1381 2663 59
