<?xml version="1.0" encoding="UTF-8"?>
<!DOCTYPE html PUBLIC "-//W3C//DTD XHTML 1.0 Transitional//EN"
    "http://www.w3.org/TR/xhtml1/DTD/xhtml1-transitional.dtd">
<html xmlns="http://www.w3.org/1999/xhtml" xml:lang="en" lang="en">
 <head>
  <title>
</title>
<meta http-equiv="Content-Type" content="text/html;charset=utf-8" />
  <meta name='ocr-system' content='tesseract 3.04.00' />
  <meta name='ocr-capabilities' content='ocr_page ocr_carea ocr_par ocr_line ocrx_word'/>
</head>
<body>
  <div class='ocr_page' id='page_1' title='image "./scripturaelingua00geseuoft_0344.png"; bbox 0 0 2242 2976; ppageno 0'>
   <div class='ocr_carea' id='block_1_1' title="bbox 358 274 1847 320">
    <p class='ocr_par' dir='ltr' id='par_1_1' title="bbox 358 274 1847 320">
     <span class='ocr_line' id='line_1_1' title="bbox 358 274 1847 320; baseline -0.002 -5"><span class='ocrx_word' id='word_1_1' title='bbox 358 284 431 320; x_wconf 78' lang='grc'><strong>308</strong></span> <span class='ocrx_word' id='word_1_2' title='bbox 496 281 627 315; x_wconf 84' lang='lat' dir='ltr'>LIBER</span> <span class='ocrx_word' id='word_1_3' title='bbox 647 278 852 313; x_wconf 83' lang='lat' dir='ltr'>TERTIUS.</span> <span class='ocrx_word' id='word_1_4' title='bbox 896 277 956 310; x_wconf 90' lang='lat' dir='ltr'><strong>DE</strong></span> <span class='ocrx_word' id='word_1_5' title='bbox 977 277 1117 311; x_wconf 81' lang='lat' dir='ltr'>NUMIS</span> <span class='ocrx_word' id='word_1_6' title='bbox 1140 275 1405 311; x_wconf 76' lang='lat' dir='ltr'><strong>PHOENlcns.</strong></span> <span class='ocrx_word' id='word_1_7' title='bbox 1449 274 1596 311; x_wconf 72' lang='lat' dir='ltr'>CAPUT</span> <span class='ocrx_word' id='word_1_8' title='bbox 1614 278 1847 318; x_wconf 74' lang='lat' dir='ltr'><strong>QUARTUM.</strong></span> 
     </span>
    </p>
   </div>
   <div class='ocr_carea' id='block_1_2' title="bbox 357 372 1981 760">
    <p class='ocr_par' dir='ltr' id='par_1_2' title="bbox 359 372 1975 537">
     <span class='ocr_line' id='line_1_2' title="bbox 360 372 1975 416; baseline -0.003 -7"><span class='ocrx_word' id='word_1_9' title='bbox 360 378 507 409; x_wconf 82' lang='lat' dir='ltr'><strong>matioam</strong></span> <span class='ocrx_word' id='word_1_10' title='bbox 528 375 620 413; x_wconf 86' lang='lat' dir='ltr'><strong>licet,</strong></span> <span class='ocrx_word' id='word_1_11' title='bbox 649 384 751 416; x_wconf 87' lang='lat' dir='ltr'><strong>neque</strong></span> <span class='ocrx_word' id='word_1_12' title='bbox 774 380 880 416; x_wconf 88' lang='lat' dir='ltr'><strong>aptum</strong></span> <span class='ocrx_word' id='word_1_13' title='bbox 903 380 952 407; x_wconf 84' lang='lat' dir='ltr'><strong>est</strong></span> <span class='ocrx_word' id='word_1_14' title='bbox 970 373 1010 404; x_wconf 83' lang='lat' dir='ltr'><strong>ad</strong></span> <span class='ocrx_word' id='word_1_15' title='bbox 1034 373 1244 411; x_wconf 70' lang='lat' dir='ltr'>sementiam,</span> <span class='ocrx_word' id='word_1_16' title='bbox 1272 373 1348 415; x_wconf 81' lang='lat' dir='ltr'><strong>quia</strong></span> <span class='ocrx_word' id='word_1_17' title='bbox 1369 373 1409 404; x_wconf 83' lang='lat' dir='ltr'><strong>ad</strong></span> <span class='ocrx_word' id='word_1_18' title='bbox 1432 382 1561 404; x_wconf 89' lang='lat' dir='ltr'><strong>numum</strong></span> <span class='ocrx_word' id='word_1_19' title='bbox 1584 380 1734 414; x_wconf 80' lang='lat' dir='ltr'><strong>cupreum</strong></span> <span class='ocrx_word' id='word_1_20' title='bbox 1753 374 1842 415; x_wconf 74' lang='lat' dir='ltr'><strong>parvi</strong></span> <span class='ocrx_word' id='word_1_21' title='bbox 1857 372 1975 405; x_wconf 82' lang='lat' dir='ltr'><strong>moduii</strong></span> 
     </span>
     <span class='ocr_line' id='line_1_3' title="bbox 359 430 972 473; baseline -0.007 -8"><span class='ocrx_word' id='word_1_22' title='bbox 359 433 538 465; x_wconf 88' lang='lat' dir='ltr'><strong>cudendum</strong></span> <span class='ocrx_word' id='word_1_23' title='bbox 560 441 623 462; x_wconf 90' lang='lat' dir='ltr'><strong>non</strong></span> <span class='ocrx_word' id='word_1_24' title='bbox 648 441 729 473; x_wconf 80' lang='lat' dir='ltr'><strong>opus</strong></span> <span class='ocrx_word' id='word_1_25' title='bbox 751 437 820 461; x_wconf 88' lang='lat' dir='ltr'><strong>erat</strong></span> <span class='ocrx_word' id='word_1_26' title='bbox 842 430 972 462; x_wconf 81' lang='lat' dir='ltr'><strong>divitiis.</strong></span> 
     </span>
     <span class='ocr_line' id='line_1_4' title="bbox 954 486 1391 537; baseline 0 -17"><span class='ocrx_word' id='word_1_27' title='bbox 954 487 1077 537; x_wconf 22' lang='lat' dir='ltr'><strong>[XVI.</strong></span> <span class='ocrx_word' id='word_1_28' title='bbox 1130 486 1156 519; x_wconf 83' lang='lat' dir='ltr'><strong><em>S</em></strong></span> <span class='ocrx_word' id='word_1_29' title='bbox 1178 487 1267 520; x_wconf 78' lang='lat' dir='ltr'><strong>EX</strong></span> <span class='ocrx_word' id='word_1_30' title='bbox 1291 488 1391 527; x_wconf 59' lang='lat' dir='ltr'><strong>TI„</strong></span> 
     </span>
    </p>

    <p class='ocr_par' dir='ltr' id='par_1_3' title="bbox 357 536 1981 760">
     <span class='ocr_line' id='line_1_5' title="bbox 485 536 1977 590; baseline 0 -11"><span class='ocrx_word' id='word_1_31' title='bbox 485 546 638 581; x_wconf 86' lang='lat' dir='ltr'><strong>Monetae</strong></span> <span class='ocrx_word' id='word_1_32' title='bbox 668 547 845 579; x_wconf 85' lang='lat' dir='ltr'><strong>Gaditanae</strong></span> <span class='ocrx_word' id='word_1_33' title='bbox 871 548 1068 580; x_wconf 83' lang='lat' dir='ltr'><strong>simil!imum</strong></span> <span class='ocrx_word' id='word_1_34' title='bbox 1099 555 1148 579; x_wconf 84' lang='lat' dir='ltr'><strong>est</strong></span> <span class='ocrx_word' id='word_1_35' title='bbox 1177 547 1262 579; x_wconf 83' lang='lat' dir='ltr'><strong>aliud</strong></span> <span class='ocrx_word' id='word_1_36' title='bbox 1294 536 1408 579; x_wconf 83' lang='lat' dir='ltr'><strong>horum</strong></span> <span class='ocrx_word' id='word_1_37' title='bbox 1440 557 1608 579; x_wconf 89' lang='lat' dir='ltr'><strong>numorum</strong></span> <span class='ocrx_word' id='word_1_38' title='bbox 1639 557 1760 590; x_wconf 72' lang='lat' dir='ltr'><strong>genua,</strong></span> <span class='ocrx_word' id='word_1_39' title='bbox 1796 547 1879 589; x_wconf 81' lang='lat' dir='ltr'><strong>quod</strong></span> <span class='ocrx_word' id='word_1_40' title='bbox 1901 545 1977 580; x_wconf 75' lang='lat' dir='ltr'><strong>olim</strong></span> 
     </span>
     <span class='ocr_line' id='line_1_6' title="bbox 361 602 1979 648; baseline -0.002 -9"><span class='ocrx_word' id='word_1_41' title='bbox 361 607 512 639; x_wconf 83' lang='lat' dir='ltr'><strong>Canacae</strong></span> <span class='ocrx_word' id='word_1_42' title='bbox 544 612 599 637; x_wconf 86' lang='lat' dir='ltr'><strong>aut</strong></span> <span class='ocrx_word' id='word_1_43' title='bbox 630 605 803 637; x_wconf 82' lang='lat' dir='ltr'><strong>Concanae</strong></span> <span class='ocrx_word' id='word_1_44' title='bbox 833 604 1015 637; x_wconf 81' lang='lat' dir='ltr'><strong>tribuerunt</strong></span> <span class='ocrx_word' id='word_1_45' title='bbox 1047 605 1094 645; x_wconf 90' lang='lat' dir='ltr'><strong>(v.</strong></span> <span class='ocrx_word' id='word_1_46' title='bbox 1118 603 1306 648; x_wconf 84' lang='lat' dir='ltr'><strong>Rhenferdii</strong></span> <span class='ocrx_word' id='word_1_47' title='bbox 1334 605 1431 646; x_wconf 86' lang='lat' dir='ltr'><strong>peric.</strong></span> <span class='ocrx_word' id='word_1_48' title='bbox 1460 603 1602 642; x_wconf 64' lang='lat' dir='ltr'><strong>Phoen„</strong></span> <span class='ocrx_word' id='word_1_49' title='bbox 1637 603 1822 646; x_wconf 80' lang='lat' dir='ltr'><strong>velasquez</strong></span> <span class='ocrx_word' id='word_1_50' title='bbox 1852 602 1979 644; x_wconf 70' lang='lat' dir='ltr'><strong>Enaayo</strong></span> 
     </span>
     <span class='ocr_line' id='line_1_7' title="bbox 357 657 1981 705; baseline -0.002 -11"><span class='ocrx_word' id='word_1_51' title='bbox 357 673 386 705; x_wconf 91' lang='lat' dir='ltr'><strong>p.</strong></span> <span class='ocrx_word' id='word_1_52' title='bbox 404 664 474 694; x_wconf 82' lang='lat'><strong>154.</strong></span> <span class='ocrx_word' id='word_1_53' title='bbox 509 660 668 703; x_wconf 78' lang='lat' dir='ltr'><strong>Bayerum</strong></span> <span class='ocrx_word' id='word_1_54' title='bbox 693 661 734 693; x_wconf 90' lang='lat' dir='ltr'><strong>ad</strong></span> <span class='ocrx_word' id='word_1_55' title='bbox 759 660 889 693; x_wconf 73' lang='lat' dir='ltr'><strong>sanast.</strong></span> <span class='ocrx_word' id='word_1_56' title='bbox 914 673 942 703; x_wconf 91' lang='lat' dir='ltr'><strong>p.</strong></span> <span class='ocrx_word' id='word_1_57' title='bbox 956 663 1013 693; x_wconf 85' lang='grc'><strong>371</strong></span> <span class='ocrx_word' id='word_1_58' title='bbox 1039 671 1107 704; x_wconf 88' lang='lat' dir='ltr'><strong>sqq.</strong></span> <span class='ocrx_word' id='word_1_59' title='bbox 1128 671 1157 703; x_wconf 89' lang='lat' dir='ltr'><strong>p.</strong></span> <span class='ocrx_word' id='word_1_60' title='bbox 1172 663 1213 693; x_wconf 79' lang='lat'><strong>48</strong></span> <span class='ocrx_word' id='word_1_61' title='bbox 1237 661 1286 692; x_wconf 92' lang='lat' dir='ltr'><strong>ed.</strong></span> <span class='ocrx_word' id='word_1_62' title='bbox 1307 671 1408 703; x_wconf 83' lang='lat' dir='ltr'><strong>germ.</strong></span> <span class='ocrx_word' id='word_1_63' title='bbox 1441 659 1645 692; x_wconf 78' lang='lat' dir='ltr'><strong>Bellermann</strong></span> <span class='ocrx_word' id='word_1_64' title='bbox 1669 658 1717 697; x_wconf 83' lang='lat'><strong>11,</strong></span> <span class='ocrx_word' id='word_1_65' title='bbox 1741 670 1772 702; x_wconf 88' lang='lat' dir='ltr'><strong>p.</strong></span> <span class='ocrx_word' id='word_1_66' title='bbox 1787 659 1871 698; x_wconf 79' lang='lat'><strong>23),</strong></span> <span class='ocrx_word' id='word_1_67' title='bbox 1895 657 1981 691; x_wconf 68' lang='lat' dir='ltr'><strong>Sex-</strong></span> 
     </span>
     <span class='ocr_line' id='line_1_8' title="bbox 357 708 1981 760; baseline -0.002 -10"><span class='ocrx_word' id='word_1_68' title='bbox 357 723 401 751; x_wconf 70' lang='lat' dir='ltr'><strong>tie</strong></span> <span class='ocrx_word' id='word_1_69' title='bbox 423 728 524 760; x_wconf 80' lang='lat' dir='ltr'>nuper</span> <span class='ocrx_word' id='word_1_70' title='bbox 546 719 738 749; x_wconf 87' lang='lat' dir='ltr'><strong>vindicatum</strong></span> <span class='ocrx_word' id='word_1_71' title='bbox 760 719 820 749; x_wconf 80' lang='lat' dir='ltr'><strong>ivit</strong></span> <span class='ocrx_word' id='word_1_72' title='bbox 840 718 1089 756; x_wconf 71' lang='lat' dir='ltr'><strong>Lmnnsncms,</strong></span> <span class='ocrx_word' id='word_1_73' title='bbox 1113 718 1146 749; x_wconf 86' lang='lat' dir='ltr'><strong>in</strong></span> <span class='ocrx_word' id='word_1_74' title='bbox 1170 715 1448 754; x_wconf 80' lang='lat' dir='ltr'><strong>commentatione</strong></span> <span class='ocrx_word' id='word_1_75' title='bbox 1469 716 1509 748; x_wconf 89' lang='lat' dir='ltr'><strong>de</strong></span> <span class='ocrx_word' id='word_1_76' title='bbox 1527 718 1631 748; x_wconf 80' lang='lat' dir='ltr'><strong>numis</strong></span> <span class='ocrx_word' id='word_1_77' title='bbox 1654 716 1781 748; x_wconf 75' lang='lat' dir='ltr'><strong>Punicis</strong></span> <span class='ocrx_word' id='word_1_78' title='bbox 1797 708 1981 754; x_wconf 58' lang='lat' dir='ltr'><strong>Senot-uin,</strong></span> 
     </span>
    </p>
   </div>
   <div class='ocr_carea' id='block_1_3' title="bbox 358 771 2049 817">
    <p class='ocr_par' dir='ltr' id='par_1_4' title="bbox 358 771 2049 817">
     <span class='ocr_line' id='line_1_9' title="bbox 358 771 2049 817; baseline -0.002 -11"><span class='ocrx_word' id='word_1_79' title='bbox 358 775 434 807; x_wconf 86' lang='lat' dir='ltr'><strong>olim</strong></span> <span class='ocrx_word' id='word_1_80' title='bbox 458 774 605 806; x_wconf 81' lang='lat' dir='ltr'><strong>Canacae</strong></span> <span class='ocrx_word' id='word_1_81' title='bbox 628 782 659 806; x_wconf 91' lang='lat' dir='ltr'><strong>et</strong></span> <span class='ocrx_word' id='word_1_82' title='bbox 692 772 864 806; x_wconf 84' lang='lat' dir='ltr'><strong>Concanae</strong></span> <span class='ocrx_word' id='word_1_83' title='bbox 888 774 1034 812; x_wconf 74' lang='lat' dir='ltr'><strong>tributis,</strong></span> <span class='ocrx_word' id='word_1_84' title='bbox 1067 784 1147 817; x_wconf 83' lang='lat' dir='ltr'><strong>quae</strong></span> <span class='ocrx_word' id='word_1_85' title='bbox 1170 784 1211 805; x_wconf 82' lang='lat' dir='ltr'><strong>ex</strong></span> <span class='ocrx_word' id='word_1_86' title='bbox 1237 771 1456 805; x_wconf 81' lang='lat' dir='ltr'><strong>Miscellaneis</strong></span> <span class='ocrx_word' id='word_1_87' title='bbox 1478 772 1719 805; x_wconf 81' lang='lat' dir='ltr'><strong>Hauniensibus</strong></span> <span class='ocrx_word' id='word_1_88' title='bbox 1741 773 1876 804; x_wconf 73' lang='lat' dir='ltr'><strong>seorsim</strong></span> <span class='ocrx_word' id='word_1_89' title='bbox 1896 771 1982 815; x_wconf 65' lang='lat' dir='ltr'><strong>typi!</strong></span> <span class='ocrx_word' id='word_1_90' title='bbox 2047 777 2049 786; x_wconf 70' lang='grc'><em>’</em></span> 
     </span>
    </p>
   </div>
   <div class='ocr_carea' id='block_1_4' title="bbox 356 830 1994 2667">
    <p class='ocr_par' dir='ltr' id='par_1_5' title="bbox 357 830 946 875">
     <span class='ocr_line' id='line_1_10' title="bbox 357 830 946 875; baseline -0.005 -11"><span class='ocrx_word' id='word_1_91' title='bbox 357 833 516 875; x_wconf 80' lang='lat' dir='ltr'><strong>exscripta</strong></span> <span class='ocrx_word' id='word_1_92' title='bbox 539 838 587 863; x_wconf 82' lang='lat' dir='ltr'><strong>est</strong></span> <span class='ocrx_word' id='word_1_93' title='bbox 609 830 759 862; x_wconf 84' lang='lat' dir='ltr'><strong>Hauniae</strong></span> <span class='ocrx_word' id='word_1_94' title='bbox 791 832 884 862; x_wconf 80' lang='lat'><strong>1824.</strong></span> <span class='ocrx_word' id='word_1_95' title='bbox 914 833 946 862; x_wconf 91' lang='lat'><strong>8.</strong></span> 
     </span>
    </p>

    <p class='ocr_par' dir='ltr' id='par_1_6' title="bbox 357 883 1980 1089">
     <span class='ocr_line' id='line_1_11' title="bbox 484 883 1979 930; baseline -0.001 -11"><span class='ocrx_word' id='word_1_96' title='bbox 484 886 641 930; x_wconf 71' lang='lat' dir='ltr'><strong>Exempla</strong></span> <span class='ocrx_word' id='word_1_97' title='bbox 664 888 733 918; x_wconf 80' lang='lat' dir='ltr'><strong>eius</strong></span> <span class='ocrx_word' id='word_1_98' title='bbox 755 886 913 918; x_wconf 84' lang='lat' dir='ltr'><strong>dederunt</strong></span> <span class='ocrx_word' id='word_1_99' title='bbox 933 885 1118 929; x_wconf 78' lang='lat' dir='ltr'><strong>Velasquez</strong></span> <span class='ocrx_word' id='word_1_100' title='bbox 1147 885 1213 918; x_wconf 83' lang='lat' dir='ltr'><strong>tab.</strong></span> <span class='ocrx_word' id='word_1_101' title='bbox 1237 887 1287 918; x_wconf 87' lang='grc'><strong>17.</strong></span> <span class='ocrx_word' id='word_1_102' title='bbox 1310 888 1361 918; x_wconf 86' lang='grc'><strong>18.</strong></span> <span class='ocrx_word' id='word_1_103' title='bbox 1400 883 1516 917; x_wconf 70' lang='lat' dir='ltr'><strong>norea</strong></span> <span class='ocrx_word' id='word_1_104' title='bbox 1539 884 1604 917; x_wconf 79' lang='lat' dir='ltr'><strong>tab.</strong></span> <span class='ocrx_word' id='word_1_105' title='bbox 1629 887 1681 917; x_wconf 77' lang='lat'><strong>27.</strong></span> <span class='ocrx_word' id='word_1_106' title='bbox 1716 884 1837 918; x_wconf 80' lang='lat' dir='ltr'><strong>Sestini</strong></span> <span class='ocrx_word' id='word_1_107' title='bbox 1859 886 1923 918; x_wconf 82' lang='lat' dir='ltr'><strong>tab.</strong></span> <span class='ocrx_word' id='word_1_108' title='bbox 1950 889 1979 918; x_wconf 81' lang='lat'><strong>2.</strong></span> 
     </span>
     <span class='ocr_line' id='line_1_12' title="bbox 357 941 1980 986; baseline -0.001 -9"><span class='ocrx_word' id='word_1_109' title='bbox 357 944 461 986; x_wconf 83' lang='lat' dir='ltr'><strong>Bayer</strong></span> <span class='ocrx_word' id='word_1_110' title='bbox 492 945 531 976; x_wconf 86' lang='lat' dir='ltr'><strong>ad</strong></span> <span class='ocrx_word' id='word_1_111' title='bbox 562 943 694 975; x_wconf 79' lang='lat' dir='ltr'><strong>Sallust.</strong></span> <span class='ocrx_word' id='word_1_112' title='bbox 725 945 806 982; x_wconf 89' lang='grc'><strong>371,</strong></span> <span class='ocrx_word' id='word_1_113' title='bbox 845 943 910 974; x_wconf 88' lang='lat' dir='ltr'><strong>tab.</strong></span> <span class='ocrx_word' id='word_1_114' title='bbox 932 947 953 974; x_wconf 83' lang='lat'>4</span> <span class='ocrx_word' id='word_1_115' title='bbox 982 944 1033 975; x_wconf 92' lang='lat' dir='ltr'><strong>ed.</strong></span> <span class='ocrx_word' id='word_1_116' title='bbox 1061 953 1159 985; x_wconf 87' lang='lat' dir='ltr'><strong>germ.</strong></span> <span class='ocrx_word' id='word_1_117' title='bbox 1199 942 1345 974; x_wconf 87' lang='lat' dir='ltr'><strong>Mionnet</strong></span> <span class='ocrx_word' id='word_1_118' title='bbox 1365 941 1381 973; x_wconf 92' lang='grc' dir='ltr'>Ι</span> <span class='ocrx_word' id='word_1_119' title='bbox 1413 952 1443 984; x_wconf 88' lang='grc' dir='ltr'><strong>Ρ.</strong></span> <span class='ocrx_word' id='word_1_120' title='bbox 1469 945 1517 973; x_wconf 84' lang='grc'><strong>12.</strong></span> <span class='ocrx_word' id='word_1_121' title='bbox 1548 941 1611 973; x_wconf 88' lang='lat' dir='ltr'><strong>tab.</strong></span> <span class='ocrx_word' id='word_1_122' title='bbox 1636 944 1694 979; x_wconf 86' lang='grc'><strong>18,</strong></span> <span class='ocrx_word' id='word_1_123' title='bbox 1719 953 1768 974; x_wconf 92' lang='lat' dir='ltr'><strong>no.</strong></span> <span class='ocrx_word' id='word_1_124' title='bbox 1795 945 1898 976; x_wconf 83' lang='grc'><strong>1-3.</strong></span> <span class='ocrx_word' id='word_1_125' title='bbox 1927 942 1980 982; x_wconf 90' lang='grc'><strong>19,</strong></span> 
     </span>
     <span class='ocr_line' id='line_1_13' title="bbox 359 996 1980 1064; baseline -0.001 -32"><span class='ocrx_word' id='word_1_126' title='bbox 359 1012 409 1033; x_wconf 90' lang='lat' dir='ltr'><strong>no.</strong></span> <span class='ocrx_word' id='word_1_127' title='bbox 434 1003 484 1033; x_wconf 88' lang='grc'><strong>19.</strong></span> <span class='ocrx_word' id='word_1_128' title='bbox 530 999 641 1043; x_wconf 77' lang='lat' dir='ltr'><strong>Suppi.</strong></span> <span class='ocrx_word' id='word_1_129' title='bbox 672 1000 704 1038; x_wconf 91' lang='lat'><strong>1,</strong></span> <span class='ocrx_word' id='word_1_130' title='bbox 734 1010 761 1042; x_wconf 91' lang='lat' dir='ltr'><strong>p.</strong></span> <span class='ocrx_word' id='word_1_131' title='bbox 791 1002 844 1032; x_wconf 86' lang='lat'><strong>25.</strong></span> <span class='ocrx_word' id='word_1_132' title='bbox 880 999 946 1031; x_wconf 88' lang='lat' dir='ltr'><strong>tab.</strong></span> <span class='ocrx_word' id='word_1_133' title='bbox 972 1002 1009 1038; x_wconf 86' lang='lat'><strong>5,</strong></span> <span class='ocrx_word' id='word_1_134' title='bbox 1045 1010 1095 1031; x_wconf 86' lang='lat' dir='ltr'><strong>no.</strong></span> <span class='ocrx_word' id='word_1_135' title='bbox 1122 1002 1152 1031; x_wconf 87' lang='lat'><strong>3.</strong></span> <span class='ocrx_word' id='word_1_136' title='bbox 1175 1002 1205 1031; x_wconf 90' lang='lat'><strong>8.</strong></span> <span class='ocrx_word' id='word_1_137' title='bbox 1228 1002 1267 1037; x_wconf 90' lang='grc'><strong>9,</strong></span> <span class='ocrx_word' id='word_1_138' title='bbox 1306 1008 1347 1030; x_wconf 89' lang='lat' dir='ltr'><strong>ex</strong></span> <span class='ocrx_word' id='word_1_139' title='bbox 1370 997 1420 1029; x_wconf 79' lang='lat' dir='ltr'><strong>hia</strong></span> <span class='ocrx_word' id='word_1_140' title='bbox 1443 996 1660 1040; x_wconf 78' lang='lat' dir='ltr'><strong>Lindbergius</strong></span> <span class='ocrx_word' id='word_1_141' title='bbox 1681 999 1714 1029; x_wconf 81' lang='lat' dir='ltr'><strong>in</strong></span> <span class='ocrx_word' id='word_1_142' title='bbox 1738 998 1848 1064; x_wconf 74' lang='lat' dir='ltr'><strong>tabula</strong></span> <span class='ocrx_word' id='word_1_143' title='bbox 1868 997 1980 1059; x_wconf 62' lang='grc'><strong>11116110</strong></span> 
     </span>
     <span class='ocr_line' id='line_1_14' title="bbox 358 1054 1220 1089; baseline -0.004 0"><span class='ocrx_word' id='word_1_144' title='bbox 358 1068 416 1089; x_wconf 84' lang='lat' dir='ltr'><strong>suo</strong></span> <span class='ocrx_word' id='word_1_145' title='bbox 438 1058 573 1089; x_wconf 81' lang='lat' dir='ltr'><strong>adiecta.</strong></span> <span class='ocrx_word' id='word_1_146' title='bbox 617 1055 710 1087; x_wconf 91' lang='lat' dir='ltr'><strong>Duae</strong></span> <span class='ocrx_word' id='word_1_147' title='bbox 730 1057 872 1087; x_wconf 79' lang='lat' dir='ltr'>maxime</span> <span class='ocrx_word' id='word_1_148' title='bbox 895 1057 965 1087; x_wconf 72' lang='lat' dir='ltr'><strong>eiu·</strong></span> <span class='ocrx_word' id='word_1_149' title='bbox 987 1054 1106 1087; x_wconf 69' lang='lat' dir='ltr'><strong>classen</strong></span> <span class='ocrx_word' id='word_1_150' title='bbox 1128 1061 1220 1086; x_wconf 79' lang='lat' dir='ltr'><strong>sunt.</strong></span> 
     </span>
    </p>

    <p class='ocr_par' dir='ltr' id='par_1_7' title="bbox 356 1110 1982 1436">
     <span class='ocr_line' id='line_1_15' title="bbox 487 1110 1980 1154; baseline -0.001 -11"><span class='ocrx_word' id='word_1_151' title='bbox 487 1114 518 1154; x_wconf 87' lang='lat'><strong>1)</strong></span> <span class='ocrx_word' id='word_1_152' title='bbox 551 1112 657 1154; x_wconf 79' lang='lat' dir='ltr'><strong>Caput</strong></span> <span class='ocrx_word' id='word_1_153' title='bbox 681 1112 837 1143; x_wconf 68' lang='lat' dir='ltr'><strong>Herculis</strong></span> <span class='ocrx_word' id='word_1_154' title='bbox 859 1110 1001 1143; x_wconf 70' lang='lat' dir='ltr'><strong>imberbe</strong></span> <span class='ocrx_word' id='word_1_155' title='bbox 1017 1114 1150 1143; x_wconf 66' lang='lat' dir='ltr'><strong>exuviis</strong></span> <span class='ocrx_word' id='word_1_156' title='bbox 1165 1112 1270 1143; x_wconf 72' lang='lat' dir='ltr'><strong>levain</strong></span> <span class='ocrx_word' id='word_1_157' title='bbox 1285 1115 1405 1143; x_wconf 75' lang='lat' dir='ltr'><strong>tectum</strong></span> <span class='ocrx_word' id='word_1_158' title='bbox 1421 1110 1466 1142; x_wconf 83' lang='lat' dir='ltr'><strong>ad</strong></span> <span class='ocrx_word' id='word_1_159' title='bbox 1487 1110 1598 1142; x_wconf 69' lang='lat' dir='ltr'><strong>dextr.</strong></span> <span class='ocrx_word' id='word_1_160' title='bbox 1621 1111 1713 1151; x_wconf 83' lang='lat' dir='ltr'><strong>(raro</strong></span> <span class='ocrx_word' id='word_1_161' title='bbox 1729 1111 1767 1142; x_wconf 86' lang='lat' dir='ltr'><strong>ad</strong></span> <span class='ocrx_word' id='word_1_162' title='bbox 1784 1112 1844 1142; x_wconf 77' lang='lat' dir='ltr'><strong>sin.</strong></span> <span class='ocrx_word' id='word_1_163' title='bbox 1853 1110 1876 1151; x_wconf 86' lang='lat'><strong>)‚</strong></span> <span class='ocrx_word' id='word_1_164' title='bbox 1897 1119 1980 1152; x_wconf 84' lang='lat' dir='ltr'><strong>pone</strong></span> 
     </span>
     <span class='ocr_line' id='line_1_16' title="bbox 358 1165 1980 1210; baseline -0.002 -9"><span class='ocrx_word' id='word_1_165' title='bbox 358 1170 452 1201; x_wconf 80' lang='lat' dir='ltr'><strong>clava</strong></span> <span class='ocrx_word' id='word_1_166' title='bbox 480 1170 531 1210; x_wconf 90' lang='lat' dir='ltr'><strong>(in</strong></span> <span class='ocrx_word' id='word_1_167' title='bbox 554 1168 595 1199; x_wconf 86' lang='lat' dir='ltr'><strong>al.</strong></span> <span class='ocrx_word' id='word_1_168' title='bbox 624 1171 759 1200; x_wconf 70' lang='lat' dir='ltr'><strong>emim-o</strong></span> <span class='ocrx_word' id='word_1_169' title='bbox 787 1167 918 1201; x_wconf 66' lang='lat' dir='ltr'><strong>humero</strong></span> <span class='ocrx_word' id='word_1_170' title='bbox 945 1169 1130 1209; x_wconf 64' lang='lat' dir='ltr'><strong>inposita).</strong></span> <span class='ocrx_word' id='word_1_171' title='bbox 1161 1167 1189 1208; x_wconf 95' lang='lat'><strong>)(</strong></span> <span class='ocrx_word' id='word_1_172' title='bbox 1226 1167 1302 1199; x_wconf 76' lang='lat' dir='ltr'><strong>Duo</strong></span> <span class='ocrx_word' id='word_1_173' title='bbox 1325 1166 1443 1208; x_wconf 70' lang='lat' dir='ltr'><strong>thyma·</strong></span> <span class='ocrx_word' id='word_1_174' title='bbox 1462 1166 1508 1198; x_wconf 76' lang='lat' dir='ltr'><strong>ad</strong></span> <span class='ocrx_word' id='word_1_175' title='bbox 1527 1169 1589 1199; x_wconf 70' lang='lat' dir='ltr'><strong>ein.</strong></span> <span class='ocrx_word' id='word_1_176' title='bbox 1617 1167 1670 1207; x_wconf 81' lang='lat' dir='ltr'><strong>(in</strong></span> <span class='ocrx_word' id='word_1_177' title='bbox 1694 1165 1748 1198; x_wconf 85' lang='lat' dir='ltr'><strong>all.</strong></span> <span class='ocrx_word' id='word_1_178' title='bbox 1771 1167 1810 1198; x_wconf 86' lang='lat' dir='ltr'><strong>ad</strong></span> <span class='ocrx_word' id='word_1_179' title='bbox 1834 1166 1980 1206; x_wconf 45' lang='grc' dir='ltr'><strong>ἀρχαι-η)</strong></span> 
     </span>
     <span class='ocr_line' id='line_1_17' title="bbox 357 1220 1979 1268; baseline -0.002 -11"><span class='ocrx_word' id='word_1_180' title='bbox 357 1227 440 1257; x_wconf 84' lang='lat' dir='ltr'><strong>inter</strong></span> <span class='ocrx_word' id='word_1_181' title='bbox 478 1236 533 1256; x_wconf 88' lang='lat' dir='ltr'><strong>eos</strong></span> <span class='ocrx_word' id='word_1_182' title='bbox 570 1223 743 1268; x_wconf 77' lang='lat' dir='ltr'><strong>epigraphe</strong></span> <span class='ocrx_word' id='word_1_183' title='bbox 782 1224 926 1268; x_wconf 78' lang='lat' dir='ltr'><strong>margine</strong></span> <span class='ocrx_word' id='word_1_184' title='bbox 958 1224 1111 1267; x_wconf 83' lang='lat' dir='ltr'><strong>quadrato</strong></span> <span class='ocrx_word' id='word_1_185' title='bbox 1142 1224 1263 1261; x_wconf 85' lang='lat' dir='ltr'><strong>cincta,</strong></span> <span class='ocrx_word' id='word_1_186' title='bbox 1300 1220 1395 1266; x_wconf 86' lang='lat' dir='ltr'><strong>quam</strong></span> <span class='ocrx_word' id='word_1_187' title='bbox 1425 1221 1642 1264; x_wconf 81' lang='lat' dir='ltr'><strong>Lindbergius</strong></span> <span class='ocrx_word' id='word_1_188' title='bbox 1668 1221 1747 1264; x_wconf 78' lang='lat' dir='ltr'><strong>legit</strong></span> <span class='ocrx_word' id='word_1_189' title='bbox 1777 1230 1852 1265; x_wconf 59' lang='grc'><strong>732</strong></span> <span class='ocrx_word' id='word_1_190' title='bbox 1881 1223 1979 1256; x_wconf 58' lang='lat'><strong>35:1⁷2.</strong></span> 
     </span>
     <span class='ocr_line' id='line_1_18' title="bbox 357 1276 1982 1324; baseline -0.001 -11"><span class='ocrx_word' id='word_1_191' title='bbox 357 1280 444 1316; x_wconf 84' lang='lat' dir='ltr'><strong>Infra</strong></span> <span class='ocrx_word' id='word_1_192' title='bbox 473 1279 585 1312; x_wconf 82' lang='lat' dir='ltr'><strong>lunula</strong></span> <span class='ocrx_word' id='word_1_193' title='bbox 616 1290 687 1311; x_wconf 89' lang='lat' dir='ltr'><strong>cum</strong></span> <span class='ocrx_word' id='word_1_194' title='bbox 717 1277 870 1322; x_wconf 86' lang='lat' dir='ltr'><strong>globulo,</strong></span> <span class='ocrx_word' id='word_1_195' title='bbox 905 1280 938 1310; x_wconf 92' lang='lat' dir='ltr'><strong>in</strong></span> <span class='ocrx_word' id='word_1_196' title='bbox 963 1278 1126 1311; x_wconf 75' lang='lat' dir='ltr'>nonnullis</span> <span class='ocrx_word' id='word_1_197' title='bbox 1149 1290 1247 1324; x_wconf 83' lang='lat' dir='ltr'><strong>supra</strong></span> <span class='ocrx_word' id='word_1_198' title='bbox 1266 1287 1314 1311; x_wconf 85' lang='lat' dir='ltr'><strong>est</strong></span> <span class='ocrx_word' id='word_1_199' title='bbox 1336 1277 1440 1310; x_wconf 83' lang='lat' dir='ltr'><strong>stella.</strong></span> <span class='ocrx_word' id='word_1_200' title='bbox 1484 1278 1521 1310; x_wconf 89' lang='lat' dir='ltr'><strong>ln</strong></span> <span class='ocrx_word' id='word_1_201' title='bbox 1545 1277 1617 1310; x_wconf 76' lang='lat' dir='ltr'><strong>aliis</strong></span> <span class='ocrx_word' id='word_1_202' title='bbox 1640 1276 1796 1320; x_wconf 80' lang='lat' dir='ltr'><strong>exemplis</strong></span> <span class='ocrx_word' id='word_1_203' title='bbox 1815 1277 1926 1311; x_wconf 70' lang='lat' dir='ltr'><strong>lunula</strong></span> <span class='ocrx_word' id='word_1_204' title='bbox 1949 1284 1982 1311; x_wconf 85' lang='lat' dir='ltr'><strong>et</strong></span> 
     </span>
     <span class='ocr_line' id='line_1_19' title="bbox 356 1333 1981 1380; baseline -0.002 -11"><span class='ocrx_word' id='word_1_205' title='bbox 356 1336 449 1370; x_wconf 79' lang='lat' dir='ltr'><strong>stella</strong></span> <span class='ocrx_word' id='word_1_206' title='bbox 480 1343 555 1368; x_wconf 84' lang='lat' dir='ltr'><strong>sunt</strong></span> <span class='ocrx_word' id='word_1_207' title='bbox 583 1336 668 1368; x_wconf 83' lang='lat' dir='ltr'><strong>intra</strong></span> <span class='ocrx_word' id='word_1_208' title='bbox 688 1336 810 1378; x_wconf 72' lang='lat' dir='ltr'><strong>pisces,</strong></span> <span class='ocrx_word' id='word_1_209' title='bbox 847 1333 1020 1379; x_wconf 77' lang='lat' dir='ltr'><strong>epigraphe</strong></span> <span class='ocrx_word' id='word_1_210' title='bbox 1050 1336 1165 1380; x_wconf 85' lang='lat' dir='ltr'><strong>partim</strong></span> <span class='ocrx_word' id='word_1_211' title='bbox 1196 1346 1292 1380; x_wconf 81' lang='lat' dir='ltr'><strong>supra</strong></span> <span class='ocrx_word' id='word_1_212' title='bbox 1307 1336 1436 1380; x_wconf 37' lang='lat' dir='ltr'><strong>munim</strong></span> <span class='ocrx_word' id='word_1_213' title='bbox 1459 1334 1551 1366; x_wconf 82' lang='lat' dir='ltr'><strong>infra.</strong></span> <span class='ocrx_word' id='word_1_214' title='bbox 1589 1333 1658 1366; x_wconf 84' lang='grc' dir='ltr'><strong>ΑΕ.</strong></span> <span class='ocrx_word' id='word_1_215' title='bbox 1703 1333 1787 1366; x_wconf 85' lang='lat' dir='ltr'><strong>Vide</strong></span> <span class='ocrx_word' id='word_1_216' title='bbox 1808 1334 1866 1366; x_wconf 84' lang='lat' dir='ltr'><strong>litt.</strong></span> <span class='ocrx_word' id='word_1_217' title='bbox 1889 1333 1918 1366; x_wconf 84' lang='lat' dir='ltr'>A</span> <span class='ocrx_word' id='word_1_218' title='bbox 1941 1334 1981 1366; x_wconf 79' lang='lat' dir='ltr'><strong>ad</strong></span> 
     </span>
     <span class='ocr_line' id='line_1_20' title="bbox 357 1390 1744 1436; baseline -0.003 -11"><span class='ocrx_word' id='word_1_219' title='bbox 357 1392 539 1435; x_wconf 84' lang='lat' dir='ltr'><strong>exemplum</strong></span> <span class='ocrx_word' id='word_1_220' title='bbox 563 1390 679 1433; x_wconf 88' lang='lat' dir='ltr'><strong>Bayeri</strong></span> <span class='ocrx_word' id='word_1_221' title='bbox 704 1403 755 1423; x_wconf 93' lang='lat' dir='ltr'><strong>no.</strong></span> <span class='ocrx_word' id='word_1_222' title='bbox 781 1395 810 1423; x_wconf 87' lang='lat'><strong>1.</strong></span> <span class='ocrx_word' id='word_1_223' title='bbox 836 1390 922 1433; x_wconf 83' lang='lat' dir='ltr'><strong>(tab.</strong></span> <span class='ocrx_word' id='word_1_224' title='bbox 944 1396 983 1432; x_wconf 86' lang='lat'><strong>4,</strong></span> <span class='ocrx_word' id='word_1_225' title='bbox 1007 1391 1058 1436; x_wconf 79' lang='lat'><strong>7).</strong></span> <span class='ocrx_word' id='word_1_226' title='bbox 1102 1391 1150 1424; x_wconf 84' lang='lat' dir='ltr'><strong>Cf.</strong></span> <span class='ocrx_word' id='word_1_227' title='bbox 1173 1390 1357 1434; x_wconf 80' lang='lat' dir='ltr'><strong>Velasquez</strong></span> <span class='ocrx_word' id='word_1_228' title='bbox 1381 1401 1433 1422; x_wconf 89' lang='lat' dir='ltr'><strong>no.</strong></span> <span class='ocrx_word' id='word_1_229' title='bbox 1459 1394 1486 1422; x_wconf 91' lang='grc'><strong>1.</strong></span> <span class='ocrx_word' id='word_1_230' title='bbox 1511 1393 1540 1423; x_wconf 88' lang='grc'><strong>3.</strong></span> <span class='ocrx_word' id='word_1_231' title='bbox 1565 1393 1583 1424; x_wconf 87' lang='grc'><strong>5</strong></span> <span class='ocrx_word' id='word_1_232' title='bbox 1607 1398 1638 1423; x_wconf 85' lang='lat' dir='ltr'><strong>et</strong></span> <span class='ocrx_word' id='word_1_233' title='bbox 1661 1394 1692 1423; x_wconf 85' lang='lat'><strong>2.</strong></span> <span class='ocrx_word' id='word_1_234' title='bbox 1715 1395 1744 1423; x_wconf 82' lang='lat'><strong>4.</strong></span> 
     </span>
    </p>

    <p class='ocr_par' dir='ltr' id='par_1_8' title="bbox 357 1444 1981 1660">
     <span class='ocr_line' id='line_1_21' title="bbox 485 1444 1981 1491; baseline -0.001 -11"><span class='ocrx_word' id='word_1_235' title='bbox 485 1452 519 1489; x_wconf 86' lang='lat'><strong>2)</strong></span> <span class='ocrx_word' id='word_1_236' title='bbox 558 1448 665 1491; x_wconf 81' lang='lat' dir='ltr'><strong>Caput</strong></span> <span class='ocrx_word' id='word_1_237' title='bbox 693 1447 874 1487; x_wconf 72' lang='lat' dir='ltr'><strong>Herculis,</strong></span> <span class='ocrx_word' id='word_1_238' title='bbox 909 1455 943 1480; x_wconf 90' lang='lat' dir='ltr'><strong>ut</strong></span> <span class='ocrx_word' id='word_1_239' title='bbox 974 1459 1079 1491; x_wconf 89' lang='lat' dir='ltr'><strong>supra.</strong></span> <span class='ocrx_word' id='word_1_240' title='bbox 1124 1447 1161 1481; x_wconf 89' lang='lat' dir='ltr'><strong>In</strong></span> <span class='ocrx_word' id='word_1_241' title='bbox 1185 1447 1275 1480; x_wconf 81' lang='lat' dir='ltr'><strong>aliis:</strong></span> <span class='ocrx_word' id='word_1_242' title='bbox 1318 1447 1425 1491; x_wconf 75' lang='lat' dir='ltr'><strong>Caput</strong></span> <span class='ocrx_word' id='word_1_243' title='bbox 1447 1448 1546 1479; x_wconf 77' lang='lat' dir='ltr'><strong>virile</strong></span> <span class='ocrx_word' id='word_1_244' title='bbox 1567 1447 1685 1479; x_wconf 77' lang='lat' dir='ltr'><strong>medum</strong></span> <span class='ocrx_word' id='word_1_245' title='bbox 1707 1445 1848 1479; x_wconf 72' lang='lat' dir='ltr'><strong>imber-be</strong></span> <span class='ocrx_word' id='word_1_246' title='bbox 1871 1446 1916 1479; x_wconf 79' lang='lat' dir='ltr'><strong>ad</strong></span> <span class='ocrx_word' id='word_1_247' title='bbox 1936 1444 1981 1485; x_wconf 72' lang='lat' dir='ltr'><strong>d„</strong></span> 
     </span>
     <span class='ocr_line' id='line_1_22' title="bbox 358 1501 1979 1548; baseline -0.002 -10"><span class='ocrx_word' id='word_1_248' title='bbox 358 1506 434 1538; x_wconf 87' lang='lat' dir='ltr'><strong>item</strong></span> <span class='ocrx_word' id='word_1_249' title='bbox 457 1510 555 1547; x_wconf 78' lang='lat' dir='ltr'><strong>caput</strong></span> <span class='ocrx_word' id='word_1_250' title='bbox 579 1506 746 1547; x_wconf 76' lang='lat' dir='ltr'><strong>galeatum</strong></span> <span class='ocrx_word' id='word_1_251' title='bbox 769 1505 814 1537; x_wconf 83' lang='lat' dir='ltr'><strong>ad</strong></span> <span class='ocrx_word' id='word_1_252' title='bbox 835 1505 865 1536; x_wconf 82' lang='lat' dir='ltr'><strong>d.</strong></span> <span class='ocrx_word' id='word_1_253' title='bbox 895 1504 922 1547; x_wconf 90' lang='lat'><strong>)(</strong></span> <span class='ocrx_word' id='word_1_254' title='bbox 951 1503 1028 1536; x_wconf 82' lang='lat' dir='ltr'><strong>Duo</strong></span> <span class='ocrx_word' id='word_1_255' title='bbox 1046 1508 1174 1548; x_wconf 65' lang='lat' dir='ltr'><strong>piacet,</strong></span> <span class='ocrx_word' id='word_1_256' title='bbox 1203 1506 1286 1536; x_wconf 83' lang='lat' dir='ltr'><strong>iuter</strong></span> <span class='ocrx_word' id='word_1_257' title='bbox 1309 1514 1388 1546; x_wconf 75' lang='lat' dir='ltr'><strong>quoa</strong></span> <span class='ocrx_word' id='word_1_258' title='bbox 1404 1510 1500 1547; x_wconf 60' lang='lat' dir='ltr'><strong>vzx,</strong></span> <span class='ocrx_word' id='word_1_259' title='bbox 1530 1504 1563 1535; x_wconf 94' lang='lat' dir='ltr'><strong>in</strong></span> <span class='ocrx_word' id='word_1_260' title='bbox 1586 1502 1659 1535; x_wconf 85' lang='lat' dir='ltr'><strong>aliis</strong></span> <span class='ocrx_word' id='word_1_261' title='bbox 1677 1506 1781 1546; x_wconf 65' lang='lat' dir='ltr'><strong>piscis</strong></span> <span class='ocrx_word' id='word_1_262' title='bbox 1795 1513 1877 1534; x_wconf 78' lang='lat' dir='ltr'><strong>unm</strong></span> <span class='ocrx_word' id='word_1_263' title='bbox 1891 1501 1938 1535; x_wconf 80' lang='lat' dir='ltr'><strong>ad</strong></span> <span class='ocrx_word' id='word_1_264' title='bbox 1947 1501 1979 1534; x_wconf 85' lang='lat' dir='ltr'><strong>d.</strong></span> 
     </span>
     <span class='ocr_line' id='line_1_23' title="bbox 357 1555 1979 1605; baseline -0.002 -12"><span class='ocrx_word' id='word_1_265' title='bbox 357 1562 441 1594; x_wconf 81' lang='lat' dir='ltr'><strong>infra</strong></span> <span class='ocrx_word' id='word_1_266' title='bbox 468 1562 579 1592; x_wconf 84' lang='lat' dir='ltr'><strong>eadem</strong></span> <span class='ocrx_word' id='word_1_267' title='bbox 610 1560 804 1605; x_wconf 83' lang='lat' dir='ltr'><strong>epigraphe,</strong></span> <span class='ocrx_word' id='word_1_268' title='bbox 839 1562 872 1592; x_wconf 87' lang='lat' dir='ltr'><strong>in</strong></span> <span class='ocrx_word' id='word_1_269' title='bbox 902 1559 974 1592; x_wconf 75' lang='lat' dir='ltr'><strong>aliis</strong></span> <span class='ocrx_word' id='word_1_270' title='bbox 1000 1571 1106 1602; x_wconf 79' lang='lat' dir='ltr'><strong>prora</strong></span> <span class='ocrx_word' id='word_1_271' title='bbox 1136 1564 1249 1600; x_wconf 68' lang='lat' dir='ltr'><strong>navis,</strong></span> <span class='ocrx_word' id='word_1_272' title='bbox 1286 1571 1381 1602; x_wconf 78' lang='lat' dir='ltr'><strong>supra</strong></span> <span class='ocrx_word' id='word_1_273' title='bbox 1411 1559 1596 1603; x_wconf 80' lang='lat' dir='ltr'><strong>epigraphe.</strong></span> <span class='ocrx_word' id='word_1_274' title='bbox 1645 1559 1731 1592; x_wconf 84' lang='lat' dir='ltr'><strong>Vide</strong></span> <span class='ocrx_word' id='word_1_275' title='bbox 1752 1558 1812 1590; x_wconf 85' lang='lat' dir='ltr'><strong>litt.</strong></span> <span class='ocrx_word' id='word_1_276' title='bbox 1836 1558 1878 1590; x_wconf 90' lang='lat' dir='ltr'><strong>H.</strong></span> <span class='ocrx_word' id='word_1_277' title='bbox 1899 1556 1924 1589; x_wconf 90' lang='lat' dir='ltr'><strong>I.</strong></span> <span class='ocrx_word' id='word_1_278' title='bbox 1947 1555 1979 1590; x_wconf 87' lang='lat' dir='ltr'>K</span> 
     </span>
     <span class='ocr_line' id='line_1_24' title="bbox 358 1610 1744 1660; baseline -0.003 -10"><span class='ocrx_word' id='word_1_279' title='bbox 358 1629 399 1650; x_wconf 89' lang='lat' dir='ltr'><strong>ex</strong></span> <span class='ocrx_word' id='word_1_280' title='bbox 421 1610 578 1660; x_wconf 80' lang='lat' dir='ltr'><strong>exemplis</strong></span> <span class='ocrx_word' id='word_1_281' title='bbox 597 1614 716 1658; x_wconf 81' lang='lat' dir='ltr'><strong>Bayeri</strong></span> <span class='ocrx_word' id='word_1_282' title='bbox 738 1617 804 1651; x_wconf 82' lang='lat' dir='ltr'><strong>tab.</strong></span> <span class='ocrx_word' id='word_1_283' title='bbox 825 1620 857 1656; x_wconf 83' lang='lat'><strong>4,</strong></span> <span class='ocrx_word' id='word_1_284' title='bbox 882 1627 933 1648; x_wconf 91' lang='lat' dir='ltr'><strong>no.</strong></span> <span class='ocrx_word' id='word_1_285' title='bbox 956 1619 988 1648; x_wconf 88' lang='grc'><strong>9.</strong></span> <span class='ocrx_word' id='word_1_286' title='bbox 1013 1619 1062 1648; x_wconf 88' lang='grc'><strong>10.</strong></span> <span class='ocrx_word' id='word_1_287' title='bbox 1088 1620 1137 1649; x_wconf 90' lang='grc'><strong>11.</strong></span> <span class='ocrx_word' id='word_1_288' title='bbox 1181 1616 1308 1657; x_wconf 80' lang='lat' dir='ltr'><strong>Quibus</strong></span> <span class='ocrx_word' id='word_1_289' title='bbox 1331 1615 1467 1647; x_wconf 84' lang='lat' dir='ltr'><strong>sortasse</strong></span> <span class='ocrx_word' id='word_1_290' title='bbox 1491 1616 1613 1647; x_wconf 85' lang='lat' dir='ltr'><strong>accedit</strong></span> <span class='ocrx_word' id='word_1_291' title='bbox 1634 1616 1744 1646; x_wconf 77' lang='lat' dir='ltr'><strong>tertia:</strong></span> 
     </span>
    </p>

    <p class='ocr_par' dir='ltr' id='par_1_9' title="bbox 358 1668 1979 1771">
     <span class='ocr_line' id='line_1_25' title="bbox 485 1668 1979 1718; baseline -0.002 -14"><span class='ocrx_word' id='word_1_292' title='bbox 485 1675 518 1715; x_wconf 87' lang='grc'><strong>3)</strong></span> <span class='ocrx_word' id='word_1_293' title='bbox 557 1672 665 1715; x_wconf 68' lang='lat' dir='ltr'><strong>capnt</strong></span> <span class='ocrx_word' id='word_1_294' title='bbox 695 1672 865 1705; x_wconf 75' lang='lat' dir='ltr'><strong>barbatum</strong></span> <span class='ocrx_word' id='word_1_295' title='bbox 894 1668 940 1704; x_wconf 78' lang='lat' dir='ltr'><strong>ad</strong></span> <span class='ocrx_word' id='word_1_296' title='bbox 969 1675 1146 1705; x_wconf 71' lang='lat' dir='ltr'><strong>sinistram.</strong></span> <span class='ocrx_word' id='word_1_297' title='bbox 1178 1673 1205 1715; x_wconf 95' lang='lat'><strong>)(</strong></span> <span class='ocrx_word' id='word_1_298' title='bbox 1240 1672 1339 1705; x_wconf 82' lang='lat' dir='ltr'><strong>Duae</strong></span> <span class='ocrx_word' id='word_1_299' title='bbox 1367 1675 1489 1714; x_wconf 64' lang='lat' dir='ltr'><strong>spicae.</strong></span> <span class='ocrx_word' id='word_1_300' title='bbox 1533 1670 1564 1702; x_wconf 84' lang='lat' dir='ltr'>A</span> <span class='ocrx_word' id='word_1_301' title='bbox 1587 1672 1723 1718; x_wconf 23' lang='lat' dir='ltr'><strong>*sinistra</strong></span> <span class='ocrx_word' id='word_1_302' title='bbox 1750 1670 1875 1702; x_wconf 81' lang='lat' dir='ltr'><strong>litterae</strong></span> <span class='ocrx_word' id='word_1_303' title='bbox 1898 1678 1979 1708; x_wconf 68' lang='lat' dir='ltr'><strong>nan,</strong></span> 
     </span>
     <span class='ocr_line' id='line_1_26' title="bbox 358 1728 1091 1771; baseline 0 -10"><span class='ocrx_word' id='word_1_304' title='bbox 358 1741 394 1761; x_wconf 84' lang='lat' dir='ltr'><strong>v.-</strong></span> <span class='ocrx_word' id='word_1_305' title='bbox 410 1729 458 1769; x_wconf 84' lang='lat' dir='ltr'><strong>N,</strong></span> <span class='ocrx_word' id='word_1_306' title='bbox 489 1731 522 1761; x_wconf 86' lang='lat' dir='ltr'><strong>in</strong></span> <span class='ocrx_word' id='word_1_307' title='bbox 547 1729 611 1761; x_wconf 80' lang='lat' dir='ltr'><strong>allo</strong></span> <span class='ocrx_word' id='word_1_308' title='bbox 635 1730 689 1771; x_wconf 82' lang='lat' dir='ltr'><strong>(v.</strong></span> <span class='ocrx_word' id='word_1_309' title='bbox 711 1728 767 1761; x_wconf 71' lang='lat' dir='ltr'><strong>litt.</strong></span> <span class='ocrx_word' id='word_1_310' title='bbox 789 1728 834 1771; x_wconf 80' lang='lat' dir='ltr'><strong>P)</strong></span> <span class='ocrx_word' id='word_1_311' title='bbox 858 1738 960 1763; x_wconf 66' lang='lat' dir='ltr'><strong>mnan</strong></span> <span class='ocrx_word' id='word_1_312' title='bbox 982 1730 1091 1765; x_wconf 53' lang='lat' dir='ltr'><strong>*bam</strong></span> 
     </span>
    </p>

    <p class='ocr_par' dir='ltr' id='par_1_10' title="bbox 356 1782 1994 2667">
     <span class='ocr_line' id='line_1_27' title="bbox 486 1782 1980 1828; baseline -0.002 -11"><span class='ocrx_word' id='word_1_313' title='bbox 486 1786 522 1817; x_wconf 92' lang='lat' dir='ltr'><strong>In</strong></span> <span class='ocrx_word' id='word_1_314' title='bbox 547 1785 671 1818; x_wconf 82' lang='lat' dir='ltr'><strong>duabus</strong></span> <span class='ocrx_word' id='word_1_315' title='bbox 694 1784 856 1828; x_wconf 83' lang='lat' dir='ltr'><strong>prioribus</strong></span> <span class='ocrx_word' id='word_1_316' title='bbox 877 1784 1034 1818; x_wconf 76' lang='lat' dir='ltr'><strong>classibus</strong></span> <span class='ocrx_word' id='word_1_317' title='bbox 1056 1785 1146 1817; x_wconf 86' lang='lat' dir='ltr'><strong>urbis</strong></span> <span class='ocrx_word' id='word_1_318' title='bbox 1169 1796 1286 1817; x_wconf 87' lang='lat' dir='ltr'><strong>nomen</strong></span> <span class='ocrx_word' id='word_1_319' title='bbox 1310 1792 1378 1825; x_wconf 82' lang='lat' dir='ltr'><strong>est,</strong></span> <span class='ocrx_word' id='word_1_320' title='bbox 1408 1785 1461 1816; x_wconf 81' lang='lat' dir='ltr'><strong>eui</strong></span> <span class='ocrx_word' id='word_1_321' title='bbox 1482 1785 1515 1815; x_wconf 89' lang='lat' dir='ltr'><strong>in</strong></span> <span class='ocrx_word' id='word_1_322' title='bbox 1537 1784 1646 1826; x_wconf 86' lang='lat' dir='ltr'><strong>priore</strong></span> <span class='ocrx_word' id='word_1_323' title='bbox 1668 1783 1791 1814; x_wconf 80' lang='lat' dir='ltr'><strong>aceedit</strong></span> <span class='ocrx_word' id='word_1_324' title='bbox 1811 1783 1895 1817; x_wconf 58' lang='grc'><strong><em>53373</em></strong></span> <span class='ocrx_word' id='word_1_325' title='bbox 1912 1782 1935 1814; x_wconf 87' lang='lat' dir='ltr'><strong>i.</strong></span> <span class='ocrx_word' id='word_1_326' title='bbox 1950 1783 1980 1814; x_wconf 81' lang='lat' dir='ltr'><strong>e.</strong></span> 
     </span>
     <span class='ocr_line' id='line_1_28' title="bbox 356 1838 1980 1890; baseline -0.002 -16"><span class='ocrx_word' id='word_1_327' title='bbox 356 1843 451 1890; x_wconf 48' lang='grc' dir='ltr'><strong>ἦξε-ῃ,</strong></span> <span class='ocrx_word' id='word_1_328' title='bbox 481 1854 502 1874; x_wconf 87' lang='grc' dir='ltr'><em>α</em></span> <span class='ocrx_word' id='word_1_329' title='bbox 532 1842 678 1881; x_wconf 68' lang='lat' dir='ltr'><strong>civibus,</strong></span> <span class='ocrx_word' id='word_1_330' title='bbox 715 1841 811 1884; x_wconf 85' lang='lat' dir='ltr'><strong>plane</strong></span> <span class='ocrx_word' id='word_1_331' title='bbox 840 1848 874 1873; x_wconf 90' lang='lat' dir='ltr'><strong>ut</strong></span> <span class='ocrx_word' id='word_1_332' title='bbox 901 1843 933 1874; x_wconf 80' lang='lat' dir='ltr'><strong>in</strong></span> <span class='ocrx_word' id='word_1_333' title='bbox 965 1841 1150 1880; x_wconf 75' lang='lat' dir='ltr'><strong>Gaditanis,</strong></span> <span class='ocrx_word' id='word_1_334' title='bbox 1181 1843 1242 1873; x_wconf 85' lang='lat' dir='ltr'><strong>nisi</strong></span> <span class='ocrx_word' id='word_1_335' title='bbox 1266 1841 1349 1885; x_wconf 88' lang='lat' dir='ltr'><strong>quod</strong></span> <span class='ocrx_word' id='word_1_336' title='bbox 1373 1841 1549 1873; x_wconf 78' lang='lat' dir='ltr'><strong>litterarum</strong></span> <span class='ocrx_word' id='word_1_337' title='bbox 1572 1839 1694 1871; x_wconf 80' lang='lat' dir='ltr'><strong>formae</strong></span> <span class='ocrx_word' id='word_1_338' title='bbox 1716 1839 1755 1870; x_wconf 85' lang='lat' dir='ltr'><strong>ad</strong></span> <span class='ocrx_word' id='word_1_339' title='bbox 1778 1838 1980 1871; x_wconf 77' lang='lat' dir='ltr'><strong>Numidicam</strong></span> 
     </span>
     <span class='ocr_line' id='line_1_29' title="bbox 356 1895 1981 1940; baseline -0.002 -11"><span class='ocrx_word' id='word_1_340' title='bbox 356 1899 492 1930; x_wconf 81' lang='lat' dir='ltr'><strong>formam</strong></span> <span class='ocrx_word' id='word_1_341' title='bbox 521 1899 649 1940; x_wconf 83' lang='lat' dir='ltr'><strong>propius</strong></span> <span class='ocrx_word' id='word_1_342' title='bbox 678 1899 841 1930; x_wconf 85' lang='lat' dir='ltr'><strong>accedunt.</strong></span> <span class='ocrx_word' id='word_1_343' title='bbox 892 1897 982 1930; x_wconf 81' lang='lat' dir='ltr'><strong>Mem</strong></span> <span class='ocrx_word' id='word_1_344' title='bbox 1012 1899 1115 1937; x_wconf 86' lang='lat' dir='ltr'><strong>enim,</strong></span> <span class='ocrx_word' id='word_1_345' title='bbox 1150 1898 1232 1940; x_wconf 90' lang='lat' dir='ltr'><strong>quod</strong></span> <span class='ocrx_word' id='word_1_346' title='bbox 1262 1905 1348 1930; x_wconf 81' lang='lat' dir='ltr'><strong>recte</strong></span> <span class='ocrx_word' id='word_1_347' title='bbox 1378 1905 1410 1929; x_wconf 87' lang='lat' dir='ltr'><strong>et</strong></span> <span class='ocrx_word' id='word_1_348' title='bbox 1439 1898 1561 1939; x_wconf 82' lang='lat' dir='ltr'><strong>primus</strong></span> <span class='ocrx_word' id='word_1_349' title='bbox 1589 1895 1657 1927; x_wconf 75' lang='lat' dir='ltr'><strong>fere</strong></span> <span class='ocrx_word' id='word_1_350' title='bbox 1684 1896 1825 1927; x_wconf 88' lang='lat' dir='ltr'><strong>omnium</strong></span> <span class='ocrx_word' id='word_1_351' title='bbox 1849 1895 1981 1938; x_wconf 60' lang='lat' dir='ltr'><strong>agnovit</strong></span> 
     </span>
     <span class='ocr_line' id='line_1_30' title="bbox 358 1949 1979 1997; baseline -0.002 -11"><span class='ocrx_word' id='word_1_352' title='bbox 358 1954 573 1996; x_wconf 84' lang='lat' dir='ltr'><strong>Lindhergius</strong></span> <span class='ocrx_word' id='word_1_353' title='bbox 603 1955 695 1996; x_wconf 79' lang='lat' dir='ltr'><strong>(peg.</strong></span> <span class='ocrx_word' id='word_1_354' title='bbox 717 1957 756 1986; x_wconf 88' lang='grc'><strong>17</strong></span> <span class='ocrx_word' id='word_1_355' title='bbox 782 1955 887 1996; x_wconf 75' lang='lat' dir='ltr'><strong>sqq.),</strong></span> <span class='ocrx_word' id='word_1_356' title='bbox 926 1965 1023 1996; x_wconf 88' lang='lat' dir='ltr'><strong>quum</strong></span> <span class='ocrx_word' id='word_1_357' title='bbox 1052 1956 1175 1996; x_wconf 71' lang='lat' dir='ltr'><strong>priores</strong></span> <span class='ocrx_word' id='word_1_358' title='bbox 1204 1956 1411 1997; x_wconf 73' lang='lat' dir='ltr'><strong>interpretes,</strong></span> <span class='ocrx_word' id='word_1_359' title='bbox 1447 1954 1480 1985; x_wconf 88' lang='lat' dir='ltr'><strong>in</strong></span> <span class='ocrx_word' id='word_1_360' title='bbox 1506 1952 1557 1984; x_wconf 73' lang='lat' dir='ltr'><strong>his</strong></span> <span class='ocrx_word' id='word_1_361' title='bbox 1586 1951 1789 1985; x_wconf 68' lang='lat' dir='ltr'><strong>Hamnkem</strong></span> <span class='ocrx_word' id='word_1_362' title='bbox 1820 1949 1979 1994; x_wconf 77' lang='lat' dir='ltr'><strong>(Mieeell.</strong></span> 
     </span>
     <span class='ocr_line' id='line_1_31' title="bbox 357 2007 1978 2053; baseline -0.002 -12"><span class='ocrx_word' id='word_1_363' title='bbox 357 2022 386 2053; x_wconf 90' lang='lat' dir='ltr'><strong>p.</strong></span> <span class='ocrx_word' id='word_1_364' title='bbox 403 2012 463 2051; x_wconf 84' lang='lat'><strong>84)</strong></span> <span class='ocrx_word' id='word_1_365' title='bbox 501 2010 569 2041; x_wconf 83' lang='grc' dir='ltr'><em>Ταιι</em></span> <span class='ocrx_word' id='word_1_366' title='bbox 592 2021 663 2041; x_wconf 87' lang='lat' dir='ltr'><strong>esse</strong></span> <span class='ocrx_word' id='word_1_367' title='bbox 686 2017 851 2052; x_wconf 75' lang='lat' dir='ltr'><strong>putarent,</strong></span> <span class='ocrx_word' id='word_1_368' title='bbox 881 2012 913 2041; x_wconf 93' lang='lat' dir='ltr'><strong>in</strong></span> <span class='ocrx_word' id='word_1_369' title='bbox 937 2010 1095 2053; x_wconf 78' lang='lat' dir='ltr'><strong>plerisque</strong></span> <span class='ocrx_word' id='word_1_370' title='bbox 1118 2011 1308 2042; x_wconf 81' lang='lat' dir='ltr'><strong>cruciforme</strong></span> <span class='ocrx_word' id='word_1_371' title='bbox 1331 2017 1397 2049; x_wconf 88' lang='lat' dir='ltr'><strong>est,</strong></span> <span class='ocrx_word' id='word_1_372' title='bbox 1428 2015 1463 2040; x_wconf 90' lang='lat' dir='ltr'><strong>ut</strong></span> <span class='ocrx_word' id='word_1_373' title='bbox 1484 2010 1517 2040; x_wconf 91' lang='lat' dir='ltr'><strong>in</strong></span> <span class='ocrx_word' id='word_1_374' title='bbox 1541 2007 1783 2050; x_wconf 82' lang='lat' dir='ltr'><strong>Malageusibus</strong></span> <span class='ocrx_word' id='word_1_375' title='bbox 1807 2007 1867 2048; x_wconf 89' lang='lat' dir='ltr'><strong>(cf.</strong></span> <span class='ocrx_word' id='word_1_376' title='bbox 1889 2018 1919 2050; x_wconf 87' lang='lat' dir='ltr'><strong>p.</strong></span> <span class='ocrx_word' id='word_1_377' title='bbox 1936 2009 1978 2038; x_wconf 77' lang='lat'><strong>36</strong></span> 
     </span>
     <span class='ocr_line' id='line_1_32' title="bbox 359 2058 1978 2108; baseline -0.002 -10"><span class='ocrx_word' id='word_1_378' title='bbox 359 2074 411 2098; x_wconf 81' lang='lat' dir='ltr'><strong>no.</strong></span> <span class='ocrx_word' id='word_1_379' title='bbox 432 2067 513 2107; x_wconf 85' lang='lat'><strong>18),</strong></span> <span class='ocrx_word' id='word_1_380' title='bbox 551 2068 582 2097; x_wconf 88' lang='lat' dir='ltr'><strong>in</strong></span> <span class='ocrx_word' id='word_1_381' title='bbox 613 2077 677 2097; x_wconf 91' lang='lat' dir='ltr'><strong>uno</strong></span> <span class='ocrx_word' id='word_1_382' title='bbox 706 2065 786 2107; x_wconf 85' lang='lat' dir='ltr'><strong>(litt.</strong></span> <span class='ocrx_word' id='word_1_383' title='bbox 810 2063 863 2108; x_wconf 85' lang='lat' dir='ltr'><strong>O)</strong></span> <span class='ocrx_word' id='word_1_384' title='bbox 886 2065 1026 2098; x_wconf 89' lang='lat' dir='ltr'><strong>dubium.</strong></span> <span class='ocrx_word' id='word_1_385' title='bbox 1071 2067 1119 2097; x_wconf 89' lang='lat' dir='ltr'><strong>Eo</strong></span> <span class='ocrx_word' id='word_1_386' title='bbox 1150 2067 1252 2098; x_wconf 85' lang='lat' dir='ltr'><strong>maior</strong></span> <span class='ocrx_word' id='word_1_387' title='bbox 1279 2073 1386 2097; x_wconf 86' lang='lat' dir='ltr'><strong>autem</strong></span> <span class='ocrx_word' id='word_1_388' title='bbox 1409 2063 1579 2097; x_wconf 82' lang='lat' dir='ltr'><strong>difficultas</strong></span> <span class='ocrx_word' id='word_1_389' title='bbox 1602 2071 1651 2095; x_wconf 80' lang='lat' dir='ltr'><strong>est</strong></span> <span class='ocrx_word' id='word_1_390' title='bbox 1672 2064 1704 2095; x_wconf 89' lang='lat' dir='ltr'><strong>in</strong></span> <span class='ocrx_word' id='word_1_391' title='bbox 1727 2063 1816 2095; x_wconf 82' lang='lat' dir='ltr'><strong>urbis</strong></span> <span class='ocrx_word' id='word_1_392' title='bbox 1839 2058 1978 2101; x_wconf 70' lang='lat' dir='ltr'><strong>nornine,</strong></span> 
     </span>
     <span class='ocr_line' id='line_1_33' title="bbox 358 2118 1978 2166; baseline -0.003 -11"><span class='ocrx_word' id='word_1_393' title='bbox 358 2123 444 2166; x_wconf 84' lang='lat' dir='ltr'><strong>quod</strong></span> <span class='ocrx_word' id='word_1_394' title='bbox 466 2123 498 2153; x_wconf 85' lang='lat' dir='ltr'><strong>in</strong></span> <span class='ocrx_word' id='word_1_395' title='bbox 522 2121 593 2153; x_wconf 77' lang='lat' dir='ltr'><strong>anis</strong></span> <span class='ocrx_word' id='word_1_396' title='bbox 617 2122 772 2164; x_wconf 80' lang='lat' dir='ltr'><strong>exemplis</strong></span> <span class='ocrx_word' id='word_1_397' title='bbox 790 2122 881 2154; x_wconf 66' lang='lat' dir='ltr'><strong>aii&#39;ter</strong></span> <span class='ocrx_word' id='word_1_398' title='bbox 904 2123 1061 2165; x_wconf 82' lang='lat' dir='ltr'><strong>pingitur,</strong></span> <span class='ocrx_word' id='word_1_399' title='bbox 1091 2124 1236 2164; x_wconf 83' lang='lat' dir='ltr'><strong>quamvis</strong></span> <span class='ocrx_word' id='word_1_400' title='bbox 1261 2123 1316 2153; x_wconf 90' lang='lat' dir='ltr'><strong>vix</strong></span> <span class='ocrx_word' id='word_1_401' title='bbox 1338 2121 1478 2153; x_wconf 84' lang='lat' dir='ltr'><strong>dubitari</strong></span> <span class='ocrx_word' id='word_1_402' title='bbox 1502 2121 1620 2163; x_wconf 79' lang='lat' dir='ltr'><strong>possit,</strong></span> <span class='ocrx_word' id='word_1_403' title='bbox 1656 2121 1730 2162; x_wconf 91' lang='lat' dir='ltr'><strong>quin</strong></span> <span class='ocrx_word' id='word_1_404' title='bbox 1751 2120 1836 2151; x_wconf 88' lang='lat' dir='ltr'><strong>idem</strong></span> <span class='ocrx_word' id='word_1_405' title='bbox 1860 2118 1978 2161; x_wconf 86' lang='lat' dir='ltr'><strong>ubique</strong></span> 
     </span>
     <span class='ocr_line' id='line_1_34' title="bbox 357 2175 1976 2221; baseline -0.003 -10"><span class='ocrx_word' id='word_1_406' title='bbox 357 2189 473 2211; x_wconf 86' lang='lat' dir='ltr'><strong>nomen</strong></span> <span class='ocrx_word' id='word_1_407' title='bbox 497 2178 538 2210; x_wconf 80' lang='lat' dir='ltr'><strong>sit</strong></span> <span class='ocrx_word' id='word_1_408' title='bbox 561 2178 620 2219; x_wconf 83' lang='lat' dir='ltr'><strong>(cf.</strong></span> <span class='ocrx_word' id='word_1_409' title='bbox 644 2189 756 2210; x_wconf 88' lang='lat' dir='ltr'><strong>numos</strong></span> <span class='ocrx_word' id='word_1_410' title='bbox 780 2177 996 2218; x_wconf 85' lang='lat' dir='ltr'><strong>Cossuraeos,</strong></span> <span class='ocrx_word' id='word_1_411' title='bbox 1026 2189 1078 2210; x_wconf 91' lang='lat' dir='ltr'><strong>no.</strong></span> <span class='ocrx_word' id='word_1_412' title='bbox 1101 2179 1172 2220; x_wconf 86' lang='grc'><strong>13).</strong></span> <span class='ocrx_word' id='word_1_413' title='bbox 1217 2178 1267 2210; x_wconf 91' lang='lat' dir='ltr'><strong>De</strong></span> <span class='ocrx_word' id='word_1_414' title='bbox 1291 2189 1353 2221; x_wconf 84' lang='lat' dir='ltr'><strong>qua</strong></span> <span class='ocrx_word' id='word_1_415' title='bbox 1374 2179 1548 2216; x_wconf 75' lang='lat' dir='ltr'><strong>varietate,</strong></span> <span class='ocrx_word' id='word_1_416' title='bbox 1571 2187 1652 2219; x_wconf 86' lang='lat' dir='ltr'><strong>quae</strong></span> <span class='ocrx_word' id='word_1_417' title='bbox 1672 2175 1753 2207; x_wconf 81' lang='lat' dir='ltr'><strong>forte</strong></span> <span class='ocrx_word' id='word_1_418' title='bbox 1769 2176 1869 2207; x_wconf 89' lang='lat' dir='ltr'><strong>maior</strong></span> <span class='ocrx_word' id='word_1_419' title='bbox 1881 2176 1976 2207; x_wconf 86' lang='lat' dir='ltr'><strong>etiam</strong></span> 
     </span>
     <span class='ocr_line' id='line_1_35' title="bbox 358 2227 1975 2278; baseline -0.004 -10"><span class='ocrx_word' id='word_1_420' title='bbox 358 2242 407 2268; x_wconf 80' lang='lat' dir='ltr'><strong>est</strong></span> <span class='ocrx_word' id='word_1_421' title='bbox 427 2237 461 2267; x_wconf 85' lang='lat' dir='ltr'><strong>in</strong></span> <span class='ocrx_word' id='word_1_422' title='bbox 486 2232 580 2266; x_wconf 85' lang='lat' dir='ltr'><strong>editis</strong></span> <span class='ocrx_word' id='word_1_423' title='bbox 603 2234 775 2276; x_wconf 80' lang='lat' dir='ltr'><strong>exemplis,</strong></span> <span class='ocrx_word' id='word_1_424' title='bbox 808 2246 900 2278; x_wconf 82' lang='lat' dir='ltr'><strong>quam</strong></span> <span class='ocrx_word' id='word_1_425' title='bbox 923 2236 956 2266; x_wconf 91' lang='lat' dir='ltr'><strong>in</strong></span> <span class='ocrx_word' id='word_1_426' title='bbox 981 2236 1058 2277; x_wconf 87' lang='lat' dir='ltr'><strong>ipsis</strong></span> <span class='ocrx_word' id='word_1_427' title='bbox 1081 2236 1186 2266; x_wconf 74' lang='lat' dir='ltr'><strong>numia</strong></span> <span class='ocrx_word' id='word_1_428' title='bbox 1210 2235 1365 2277; x_wconf 91' lang='lat' dir='ltr'><strong>(quorum</strong></span> <span class='ocrx_word' id='word_1_429' title='bbox 1381 2235 1548 2276; x_wconf 76' lang='lat' dir='ltr'><strong>pauciores</strong></span> <span class='ocrx_word' id='word_1_430' title='bbox 1562 2234 1632 2274; x_wconf 83' lang='lat' dir='ltr'><strong>ipse</strong></span> <span class='ocrx_word' id='word_1_431' title='bbox 1646 2227 1832 2264; x_wconf 84' lang='lat' dir='ltr'><strong>examinare</strong></span> <span class='ocrx_word' id='word_1_432' title='bbox 1849 2232 1975 2274; x_wconf 81' lang='lat' dir='ltr'><strong>potui),</strong></span> 
     </span>
     <span class='ocr_line' id='line_1_36' title="bbox 358 2283 1994 2333; baseline -0.004 -9"><span class='ocrx_word' id='word_1_433' title='bbox 358 2299 393 2324; x_wconf 91' lang='lat' dir='ltr'><strong>ut</strong></span> <span class='ocrx_word' id='word_1_434' title='bbox 420 2293 580 2333; x_wconf 83' lang='lat' dir='ltr'><strong>integrum</strong></span> <span class='ocrx_word' id='word_1_435' title='bbox 603 2296 687 2321; x_wconf 87' lang='lat' dir='ltr'><strong>esset</strong></span> <span class='ocrx_word' id='word_1_436' title='bbox 709 2289 862 2322; x_wconf 82' lang='lat' dir='ltr'><strong>lectorum</strong></span> <span class='ocrx_word' id='word_1_437' title='bbox 886 2292 1056 2330; x_wconf 89' lang='lat' dir='ltr'><strong>iudicium,</strong></span> <span class='ocrx_word' id='word_1_438' title='bbox 1087 2292 1119 2322; x_wconf 93' lang='lat' dir='ltr'><strong>in</strong></span> <span class='ocrx_word' id='word_1_439' title='bbox 1142 2292 1240 2322; x_wconf 87' lang='lat' dir='ltr'><strong>variis</strong></span> <span class='ocrx_word' id='word_1_440' title='bbox 1261 2289 1450 2333; x_wconf 78' lang='lat' dir='ltr'><strong>epigraphes</strong></span> <span class='ocrx_word' id='word_1_441' title='bbox 1480 2288 1642 2331; x_wconf 62' lang='lat' dir='ltr'><strong>‘exemplis</strong></span> <span class='ocrx_word' id='word_1_442' title='bbox 1670 2283 1879 2330; x_wconf 75' lang='lat' dir='ltr'><strong>depingendis</strong></span> <span class='ocrx_word' id='word_1_443' title='bbox 1911 2292 1994 2318; x_wconf 87' lang='lat' dir='ltr'><strong>non&#39;</strong></span> 
     </span>
     <span class='ocr_line' id='line_1_37' title="bbox 358 2342 1976 2392; baseline -0.004 -12"><span class='ocrx_word' id='word_1_444' title='bbox 358 2359 471 2392; x_wconf 85' lang='lat' dir='ltr'><strong>parcus</strong></span> <span class='ocrx_word' id='word_1_445' title='bbox 498 2347 560 2385; x_wconf 83' lang='lat' dir='ltr'><strong>fui,</strong></span> <span class='ocrx_word' id='word_1_446' title='bbox 600 2357 733 2388; x_wconf 90' lang='lat' dir='ltr'><strong>quorum</strong></span> <span class='ocrx_word' id='word_1_447' title='bbox 761 2347 865 2378; x_wconf 83' lang='lat' dir='ltr'><strong>fontes</strong></span> <span class='ocrx_word' id='word_1_448' title='bbox 898 2347 929 2378; x_wconf 88' lang='lat' dir='ltr'><strong>h.</strong></span> <span class='ocrx_word' id='word_1_449' title='bbox 952 2347 971 2378; x_wconf 92' lang='lat' dir='ltr'><strong>l.</strong></span> <span class='ocrx_word' id='word_1_450' title='bbox 1001 2348 1143 2378; x_wconf 85' lang='lat' dir='ltr'><strong>indicare</strong></span> <span class='ocrx_word' id='word_1_451' title='bbox 1172 2346 1286 2389; x_wconf 83' lang='lat' dir='ltr'><strong>placet.</strong></span> <span class='ocrx_word' id='word_1_452' title='bbox 1330 2346 1460 2378; x_wconf 88' lang='lat' dir='ltr'><strong>Initium</strong></span> <span class='ocrx_word' id='word_1_453' title='bbox 1484 2351 1588 2376; x_wconf 85' lang='lat' dir='ltr'><strong>autem</strong></span> <span class='ocrx_word' id='word_1_454' title='bbox 1611 2344 1745 2376; x_wconf 68' lang='lat' dir='ltr'><strong>fecimus</strong></span> <span class='ocrx_word' id='word_1_455' title='bbox 1761 2342 1802 2375; x_wconf 84' lang='lat' dir='ltr'><strong>ab</strong></span> <span class='ocrx_word' id='word_1_456' title='bbox 1822 2344 1872 2381; x_wconf 87' lang='lat' dir='ltr'><strong>iis,</strong></span> <span class='ocrx_word' id='word_1_457' title='bbox 1896 2353 1976 2386; x_wconf 84' lang='lat' dir='ltr'><strong>quae</strong></span> 
     </span>
     <span class='ocr_line' id='line_1_38' title="bbox 359 2399 1975 2445; baseline -0.004 -8"><span class='ocrx_word' id='word_1_458' title='bbox 359 2405 504 2437; x_wconf 86' lang='lat' dir='ltr'><strong>certioris</strong></span> <span class='ocrx_word' id='word_1_459' title='bbox 526 2402 601 2434; x_wconf 88' lang='lat' dir='ltr'><strong>fidei</strong></span> <span class='ocrx_word' id='word_1_460' title='bbox 625 2409 708 2433; x_wconf 90' lang='lat' dir='ltr'><strong>sunt.</strong></span> <span class='ocrx_word' id='word_1_461' title='bbox 752 2401 799 2433; x_wconf 87' lang='lat' dir='ltr'><strong>Ac</strong></span> <span class='ocrx_word' id='word_1_462' title='bbox 822 2401 880 2432; x_wconf 90' lang='lat' dir='ltr'><strong>litt.</strong></span> <span class='ocrx_word' id='word_1_463' title='bbox 903 2402 929 2434; x_wconf 89' lang='lat' dir='ltr'>B</span> <span class='ocrx_word' id='word_1_464' title='bbox 953 2409 1002 2434; x_wconf 88' lang='lat' dir='ltr'><strong>est</strong></span> <span class='ocrx_word' id='word_1_465' title='bbox 1024 2414 1066 2435; x_wconf 86' lang='lat' dir='ltr'><strong>ex</strong></span> <span class='ocrx_word' id='word_1_466' title='bbox 1089 2410 1200 2445; x_wconf 60' lang='lat' dir='ltr'><strong>eetyxpo</strong></span> <span class='ocrx_word' id='word_1_467' title='bbox 1221 2403 1400 2442; x_wconf 83' lang='lat' dir='ltr'><strong>Mionneti,</strong></span> <span class='ocrx_word' id='word_1_468' title='bbox 1431 2402 1511 2433; x_wconf 84' lang='lat' dir='ltr'><strong>Gad.</strong></span> <span class='ocrx_word' id='word_1_469' title='bbox 1529 2412 1581 2433; x_wconf 90' lang='lat' dir='ltr'><strong>no.</strong></span> <span class='ocrx_word' id='word_1_470' title='bbox 1596 2403 1637 2433; x_wconf 83' lang='lat'><strong>⁷9</strong></span> <span class='ocrx_word' id='word_1_471' title='bbox 1665 2399 1871 2442; x_wconf 84' lang='lat' dir='ltr'><strong>(Mionnetus</strong></span> <span class='ocrx_word' id='word_1_472' title='bbox 1890 2400 1975 2431; x_wconf 85' lang='lat' dir='ltr'><strong>enim</strong></span> 
     </span>
     <span class='ocr_line' id='line_1_39' title="bbox 358 2456 1973 2501; baseline -0.004 -8"><span class='ocrx_word' id='word_1_473' title='bbox 358 2461 417 2493; x_wconf 88' lang='lat' dir='ltr'><strong>hos</strong></span> <span class='ocrx_word' id='word_1_474' title='bbox 440 2470 552 2492; x_wconf 91' lang='lat' dir='ltr'><strong>numos</strong></span> <span class='ocrx_word' id='word_1_475' title='bbox 575 2460 657 2489; x_wconf 92' lang='lat' dir='ltr'><strong>inter</strong></span> <span class='ocrx_word' id='word_1_476' title='bbox 682 2457 857 2489; x_wconf 83' lang='lat' dir='ltr'><strong>Gaditanos</strong></span> <span class='ocrx_word' id='word_1_477' title='bbox 880 2459 1054 2500; x_wconf 89' lang='lat' dir='ltr'><strong>recenset).</strong></span> <span class='ocrx_word' id='word_1_478' title='bbox 1108 2458 1167 2490; x_wconf 89' lang='lat' dir='ltr'><strong>litt.</strong></span> <span class='ocrx_word' id='word_1_479' title='bbox 1199 2457 1244 2497; x_wconf 81' lang='lat' dir='ltr'><strong>C,</strong></span> <span class='ocrx_word' id='word_1_480' title='bbox 1277 2460 1310 2490; x_wconf 90' lang='lat' dir='ltr'><strong>in</strong></span> <span class='ocrx_word' id='word_1_481' title='bbox 1335 2470 1396 2501; x_wconf 89' lang='lat' dir='ltr'><strong>qno</strong></span> <span class='ocrx_word' id='word_1_482' title='bbox 1420 2465 1570 2501; x_wconf 84' lang='lat' dir='ltr'><strong>punctum</strong></span> <span class='ocrx_word' id='word_1_483' title='bbox 1594 2462 1644 2488; x_wconf 85' lang='lat' dir='ltr'><strong>est</strong></span> <span class='ocrx_word' id='word_1_484' title='bbox 1665 2457 1748 2487; x_wconf 79' lang='lat' dir='ltr'><strong>inter</strong></span> <span class='ocrx_word' id='word_1_485' title='bbox 1770 2456 1849 2487; x_wconf 88' lang='lat' dir='ltr'><strong>duas</strong></span> <span class='ocrx_word' id='word_1_486' title='bbox 1869 2466 1973 2494; x_wconf 69' lang='lat' dir='ltr'><strong>voces,</strong></span> 
     </span>
     <span class='ocr_line' id='line_1_40' title="bbox 358 2510 1973 2555; baseline -0.003 -6"><span class='ocrx_word' id='word_1_487' title='bbox 358 2528 399 2549; x_wconf 87' lang='lat' dir='ltr'><strong>ex</strong></span> <span class='ocrx_word' id='word_1_488' title='bbox 425 2515 495 2548; x_wconf 88' lang='lat' dir='ltr'><strong>eod.</strong></span> <span class='ocrx_word' id='word_1_489' title='bbox 521 2525 575 2547; x_wconf 83' lang='lat' dir='ltr'><strong>no.</strong></span> <span class='ocrx_word' id='word_1_490' title='bbox 601 2517 653 2547; x_wconf 71' lang='grc'><strong>78-</strong></span> <span class='ocrx_word' id='word_1_491' title='bbox 698 2514 758 2545; x_wconf 84' lang='lat' dir='ltr'><strong>litt.</strong></span> <span class='ocrx_word' id='word_1_492' title='bbox 781 2513 822 2546; x_wconf 90' lang='lat' dir='ltr'><strong>D.</strong></span> <span class='ocrx_word' id='word_1_493' title='bbox 844 2522 885 2545; x_wconf 74' lang='lat' dir='ltr'><strong>ex</strong></span> <span class='ocrx_word' id='word_1_494' title='bbox 910 2513 1090 2555; x_wconf 82' lang='lat' dir='ltr'><strong>Velasquez</strong></span> <span class='ocrx_word' id='word_1_495' title='bbox 1119 2514 1184 2545; x_wconf 85' lang='lat' dir='ltr'><strong>tab.</strong></span> <span class='ocrx_word' id='word_1_496' title='bbox 1211 2518 1261 2552; x_wconf 83' lang='lat'><strong>18,</strong></span> <span class='ocrx_word' id='word_1_497' title='bbox 1286 2517 1314 2545; x_wconf 82' lang='lat'><strong>3.</strong></span> <span class='ocrx_word' id='word_1_498' title='bbox 1358 2513 1418 2546; x_wconf 82' lang='lat' dir='ltr'><strong>litt.</strong></span> <span class='ocrx_word' id='word_1_499' title='bbox 1440 2514 1479 2545; x_wconf 88' lang='lat' dir='ltr'><strong>E.</strong></span> <span class='ocrx_word' id='word_1_500' title='bbox 1497 2511 1548 2544; x_wconf 56' lang='lat' dir='ltr'><strong>”ex</strong></span> <span class='ocrx_word' id='word_1_501' title='bbox 1571 2510 1685 2543; x_wconf 82' lang='lat' dir='ltr'><strong>eodem</strong></span> <span class='ocrx_word' id='word_1_502' title='bbox 1707 2522 1759 2542; x_wconf 88' lang='lat' dir='ltr'><strong>no.</strong></span> <span class='ocrx_word' id='word_1_503' title='bbox 1786 2516 1812 2542; x_wconf 86' lang='lat'><strong>1.</strong></span> <span class='ocrx_word' id='word_1_504' title='bbox 1855 2510 1916 2544; x_wconf 88' lang='lat' dir='ltr'><strong>litt.</strong></span> <span class='ocrx_word' id='word_1_505' title='bbox 1936 2510 1973 2543; x_wconf 83' lang='lat' dir='ltr'><strong>F.</strong></span> 
     </span>
     <span class='ocr_line' id='line_1_41' title="bbox 358 2566 1972 2613; baseline -0.004 -8"><span class='ocrx_word' id='word_1_506' title='bbox 358 2574 476 2605; x_wconf 86' lang='lat' dir='ltr'><strong>Sestin.</strong></span> <span class='ocrx_word' id='word_1_507' title='bbox 500 2571 562 2603; x_wconf 77' lang='lat' dir='ltr'><strong>tab.</strong></span> <span class='ocrx_word' id='word_1_508' title='bbox 585 2572 617 2610; x_wconf 75' lang='lat'><strong>2,</strong></span> <span class='ocrx_word' id='word_1_509' title='bbox 640 2582 689 2602; x_wconf 90' lang='lat' dir='ltr'><strong>no.</strong></span> <span class='ocrx_word' id='word_1_510' title='bbox 713 2574 764 2602; x_wconf 90' lang='grc'><strong>11.</strong></span> <span class='ocrx_word' id='word_1_511' title='bbox 796 2570 835 2601; x_wconf 90' lang='lat' dir='ltr'><strong>G.</strong></span> <span class='ocrx_word' id='word_1_512' title='bbox 858 2581 899 2601; x_wconf 84' lang='lat' dir='ltr'><strong>ex</strong></span> <span class='ocrx_word' id='word_1_513' title='bbox 916 2569 1071 2611; x_wconf 30' lang='lat' dir='ltr'><strong>*exemplo</strong></span> <span class='ocrx_word' id='word_1_514' title='bbox 1095 2570 1286 2608; x_wconf 74' lang='lat' dir='ltr'><strong>parisiensi,</strong></span> <span class='ocrx_word' id='word_1_515' title='bbox 1323 2571 1407 2613; x_wconf 86' lang='lat' dir='ltr'><strong>quod</strong></span> <span class='ocrx_word' id='word_1_516' title='bbox 1430 2569 1603 2602; x_wconf 84' lang='lat' dir='ltr'><strong>delineavit</strong></span> <span class='ocrx_word' id='word_1_517' title='bbox 1622 2566 1905 2610; x_wconf 81' lang='lat' dir='ltr'><strong>Hohlenbergius,</strong></span> <span class='ocrx_word' id='word_1_518' title='bbox 1940 2576 1972 2599; x_wconf 70' lang='lat' dir='ltr'><strong>v:</strong></span> 
     </span>
     <span class='ocr_line' id='line_1_42' title="bbox 359 2624 1974 2667; baseline -0.002 -7"><span class='ocrx_word' id='word_1_519' title='bbox 359 2629 516 2660; x_wconf 79' lang='lat' dir='ltr'><strong>Mionneti</strong></span> <span class='ocrx_word' id='word_1_520' title='bbox 557 2627 622 2660; x_wconf 77' lang='lat' dir='ltr'><strong>tab.</strong></span> <span class='ocrx_word' id='word_1_521' title='bbox 658 2630 698 2659; x_wconf 90' lang='grc'><strong>19</strong></span> <span class='ocrx_word' id='word_1_522' title='bbox 730 2637 781 2658; x_wconf 93' lang='lat' dir='ltr'><strong>no.</strong></span> <span class='ocrx_word' id='word_1_523' title='bbox 811 2629 859 2658; x_wconf 89' lang='grc'><strong>19.</strong></span> <span class='ocrx_word' id='word_1_524' title='bbox 904 2626 948 2657; x_wconf 83' lang='grc' dir='ltr'><strong>Η.</strong></span> <span class='ocrx_word' id='word_1_525' title='bbox 980 2625 1005 2657; x_wconf 90' lang='lat'><strong>1.</strong></span> <span class='ocrx_word' id='word_1_526' title='bbox 1038 2625 1080 2657; x_wconf 89' lang='lat' dir='ltr'><strong>K.</strong></span> <span class='ocrx_word' id='word_1_527' title='bbox 1111 2636 1151 2657; x_wconf 87' lang='lat' dir='ltr'><strong>ex</strong></span> <span class='ocrx_word' id='word_1_528' title='bbox 1180 2625 1369 2667; x_wconf 76' lang='lat' dir='ltr'><strong>Bayerianis</strong></span> <span class='ocrx_word' id='word_1_529' title='bbox 1407 2626 1454 2667; x_wconf 85' lang='lat' dir='ltr'><strong>(v.</strong></span> <span class='ocrx_word' id='word_1_530' title='bbox 1486 2625 1611 2667; x_wconf 69' lang='lat' dir='ltr'><strong>supra).</strong></span> <span class='ocrx_word' id='word_1_531' title='bbox 1657 2625 1694 2657; x_wconf 91' lang='lat' dir='ltr'><strong>L.</strong></span> <span class='ocrx_word' id='word_1_532' title='bbox 1725 2635 1766 2656; x_wconf 86' lang='lat' dir='ltr'><strong>ex</strong></span> <span class='ocrx_word' id='word_1_533' title='bbox 1796 2624 1974 2657; x_wconf 71' lang='lat' dir='ltr'><strong>Parisieuei</strong></span> 
     </span>
    </p>
   </div>
  </div>
 </body>
</html>
