2242 2976
378 269 462 303 XIV
981 267 1409 303 PRAEFATIO.

379 365 561 402 satisfeci:
596 375 666 400 nec
692 363 843 407 dubito,
877 363 967 410 quin
989 363 1038 408 is,
1072 364 1136 412 qui
1161 364 1240 401 otio
1266 364 1316 402 ad
1340 365 1411 402 hoc
1436 364 1528 402 dato
1556 366 1827 403 et‘necessaria
1847 366 1998 416 palaeo-

379 429 558 478 graphiae
582 428 754 466 doctrina
779 429 981 464 instructus
1007 430 1137 466 omnia
1162 429 1356 479 Europae,
1395 431 1566 467 maxime
1598 429 1824 479 Hispaniae,
1866 442 2000 468 numo—

379 495 554 543 phylacia
577 494 727 542 publica
742 499 782 528 et
795 493 948 541 privata
963 494 1190 539 excusserit,
1215 500 1383 532 nostram
1399 494 1686 544 epigrapharum
1702 495 1871 543 syllogen
1886 497 2000 533 variis

380 558 504 595 modis
531 565 570 595 et
595 569 730 604 augere
754 558 877 605 possit
898 563 938 594 et
962 558 1175 595 emendare.
1227 559 1318 596 Feci
1339 566 1487 605 tamen,
1513 560 1614 608 quod
1639 561 1764 610 potui,
1789 566 1834 597 ut
1857 562 2001 599 consilii

381 625 458 661 mei
483 622 692 660 rationibus
707 608 870 658 ¹starem.
929 621 1052 659 Musei
1084 624 1198 671 igitur
1227 624 1434 662 Britannici
1465 625 1798 674 numophylaeium
1831 633 1872 663 et
1896 626 2001 664 locu·

379 689 629 737 pletissimum
661 692 700 723 et
733 686 977 724 lectissimum
1011 688 1208 736 diligenter
1238 689 1468 738 perlustravi
1507 691 1754 739 omniumque
1786 698 2001 737 numerum,

379 764 475 801 quae
513 752 677 788 consiliis
716 753 812 789 meis
847 753 1031 789 inservire
1071 759 1251 802 poterant
1287 754 1349 802 (iu
1391 755 1525 803 quibus
1561 766 1653 804 prae
1690 756 1823 792 ceteris
1853 756 2002 804 egregia

378 816 695 862 Marathensium,
736 817 1090 854 Panormitanorum
1131 824 1170 854 et
1201 817 1510 856 Heracleensium
1544 819 1722 868 exempla
1753 820 2018 869 memorandas

378 883 511 930 sunt),
551 887 687 930 ectypa
712 892 736 918 a
761 881 1010 928 Doubledayo
1037 889 1210 920 accurate
1233 882 1334 920 faeta
1358 885 1399 919 in
1423 885 1588 932 patriam
1613 884 1734 921 attuli.
1785 884 2002 923 Parisiends

379 947 479 983 enim
506 945 808 995 numophyladi,
846 947 952 982 cuius
977 952 1115 995 ectypa
1139 947 1401 985 Mionnetiana
1423 948 1527 985 domi
1552 948 1736 986 habebam
1745 969 1768 994 ,·
1789 950 1999 987 maximam

377 1018 525 1061 partem
551 1012 629 1047 iam
655 1021 757 1047 anno
786 1013 880 1047 1825
905 1021 1010 1047 meos
1035 1011 1075 1047 in
1104 1022 1211 1055 usus,
1252 1023 1326 1062 qua
1351 1019 1409 1050 est
1431 1012 1621 1063 ἀκριβείᾳ
1645 1019 1684 1050 et
1706 1015 1760 1051 rei
1783 1014 2001 1063 palaeogra-

377 1076 511 1125 phicae
536 1077 710 1120 scientia,
743 1082 1015 1123 recognoverat
1040 1075 1343 1125 Hohlenbergius
1374 1088 1411 1114 v.
1438 1078 1482 1115 cl.
1507 1078 1730 1127 epigraphas
1754 1090 1778 1115 a
1803 1079 2000 1116 Mionnew

377 1141 498 1178 editas
523 1140 573 1177 ad
597 1141 700 1190 ipsos
726 1151 862 1177 numos
888 1141 903 1188 (
912 1151 1004 1188 quos
1027 1141 1191 1189 integros
1217 1141 1448 1191 delineavit)
1475 1143 1701 1188 emendans,
1726 1155 1857 1180 recens
1872 1143 2000 1193 aequi·

377 1207 468 1243 sitos
483 1205 644 1242 addens:
658 1206 793 1254 quibus
808 1205 858 1242 ill.
868 1204 1084 1242 Roebettius
1097 1217 1220 1255 nuper
1236 1207 1443 1245 admodum
1457 1218 1510 1244 ex
1519 1206 1744 1245 Caramania
1751 1207 1999 1245 advectorum

372 1271 546 1318 syllogen
574 1270 711 1307 adiecit
743 1270 804 1319 (p.
829 1272 936 1316 286).
987 1269 1034 1306 In
1064 1270 1220 1308 edendis
1253 1278 1379 1309 autem
1413 1271 1472 1310 his
1504 1274 1743 1310 numismatis
1775 1284 1855 1310 nou
1885 1274 1927 1310 iu
1953 1284 2000 1311 eo

377 1334 686 1384 acquiescendum
703 1333 849 1384 putavi,
863 1341 906 1371 ut
921 1334 1019 1372 solas
1033 1336 1255 1385 epigraphes
1270 1337 1491 1374 exhiberem
1507 1337 1556 1374 ad
1571 1337 1792 1386 exemplum
1800 1338 2001 1383 Mionueti,

375 1399 586 1437 Hamakeri
607 1400 674 1444 al„
712 1399 780 1436 sed
804 1399 1027 1448 plerumque
1054 1401 1169 1437 totius
1193 1401 1302 1437 numi
1326 1401 1529 1448 imaginem
1555 1401 1832 1449 depingendam
1855 1402 2000 1447 curavi,

375 1465 514 1513 partim
544 1470 587 1500 ut
622 1465 849 1511 imaginibus
881 1470 994 1511 atque
1034 1464 1273 1500 emblematis
1304 1463 1364 1499 hic
1396 1464 1472 1500 illic
1504 1463 1706 1502 adiuvetur
1738 1466 1997 1515 interpretatio

376 1527 606 1575 videantque
633 1527 810 1571 lectores,
844 1538 920 1575 qua
951 1533 1032 1563 arte
1063 1527 1235 1576 (rudiore
1268 1539 1318 1564 an
1349 1528 1602 1576 elegantiore)
1631 1536 1787 1567 moneta
1808 1542 1906 1579 >ensa
1930 1533 1997 1578 sit;

367 1593 518 1642 >partim
554 1597 599 1627 ut
633 1591 706 1640 ipsi
748 1591 905 1628 lectores
943 1592 1063 1628 nostri
1100 1591 1288 1637 iudicent,
1323 1604 1419 1641 quae
1449 1593 1596 1630 litterae
1626 1593 1676 1631 ad
1710 1594 1806 1631 hane
1843 1595 1998 1634 illamve

377 1655 641 1706 epigraphem,
668 1667 838 1705 quaeque
863 1657 969 1704 signa
993 1656 1043 1693 ad
1069 1656 1334 1706 epigrapham,
1367 1669 1464 1706 quae
1485 1658 1534 1695 ad
1555 1659 1738 1707 imagines
1759 1666 1872 1708 atque
1888 1671 1998 1698 orua-

376 1728 508 1759 menta
525 1722 759 1770 pertineant,
788 1728 828 1758 et
853 1721 943 1770 quid
969 1733 1015 1758 ea
1040 1722 1080 1757 in
1105 1734 1146 1758 re
1167 1733 1191 1759 a
1214 1722 1405 1759 nonnullis
1425 1722 1630 1761 editoribus
1652 1732 1848 1774 peceatum
1872 1726 1922 1763 sit
1938 1726 1996 1772 ¹⁷)ss

377 1786 503 1835 Atque
525 1786 664 1822 similes
688 1786 738 1822 ob
760 1797 909 1823 caussas
934 1787 1048 1823 etiam
1073 1787 1113 1822 in
1137 1788 1402 1824 monumentis·
1420 1788 1580 1838 lapideis
1599 1788 1754 1828 edendis
1775 1792 1999 1842 plerumque

376 1852 432 1888 ita
471 1851 613 1888 versati
644 1862 791 1895 sumus,
837 1857 881 1887 ut
914 1851 1217 1899 inscriptionem,
1257 1852 1290 1889 si
1321 1851 1434 1889 modo
1467 1865 1536 1902 per
1568 1854 1654 1891 libri
1686 1857 1804 1894 nostri
1833 1857 1996 1896 formam

377 1915 524 1960 liceret,
557 1916 710 1964 propria
732 1927 800 1953 sua
825 1915 1085 1963 magnitudine
1102 1915 1367 1954 exhiberemus
1383 1917 1449 1966 ¹⁸),
1475 1918 1720 1957 adficeremus
1736 1927 1862 1958 autem
1882 1923 1997 1959 totius

376 1981 615 2018 monumenti
640 1980 776 2017 faciem
802 1981 843 2016 in
869 1981 994 2017 minus
1019 1988 1264 2019 contractam.

442 2097 494 2138 17)
523 2098 603 2128 Vide
632 2108 709 2138 quae
738 2076 960 2139 disputavimus
990 2100 1030 2130 de
1051 2099 1153 2129 nuruis

376 2150 620 2189 Marathensibus
648 2161 681 2191 p.
712 2151 908 2187 272—274.
960 2152 1007 2182 Ita
1036 2153 1153 2192 saepius

377 2203 454 2234 dune
471 2202 649 2244 epigr-aphec
663 2203 695 2232 iu
710 2203 783 2243 ipsis
799 2203 900 2234 numis
915 2204 1036 2234 duobus
1049 2205 1152 2235 diver—
1190 2200 1195 2212 ’

377 2256 419 2286 sis
439 2254 517 2285 locis
539 2256 655 2296 positae
685 2256 766 2295 apud
787 2256 981 2286 Mionnetum
1006 2258 1039 2287 iu
1059 2267 1152 2287 unam

376 2308 489 2339 linem
503 2309 684 2338 coaluerunt
696 2308 784 2338 velut
795 2309 858 2338 tab.
874 2311 927 2346 22,
955 2319 1008 2340 uo.
1027 2309 1078 2339 14.
1099 2311 1150 2340 1⁵.

380 2363 438 2399 1⁶,
468 2361 531 2391 inb.
556 2362 616 2397 25,
647 2370 702 2390 no.
726 2363 765 2391 71
793 2370 860 2400 sqq.
906 2361 991 2391 Alibi
1017 2362 1152 2401 singulae

377 2412 555 2453 epigraphes
577 2422 671 2443 voees
699 2413 802 2442 sedem
825 2414 905 2443 inter
927 2423 961 2443 se
981 2419 1150 2452 mutarunt,

379 2469 415 2495 ut
431 2465 493 2495 nb.
513 2469 574 2502 23,
599 2467 638 2495 3:
675 2464 743 2499 -nzb
765 2467 846 2497 ἱππ
869 2471 915 2498 tm
938 2475 995 2506 pm
1019 2471 1064 2499 tm
1082 2466 1152 2513 *aab

379 2523 481 2556 muz,
503 2522 535 2548 et
553 2517 616 2547 tab.
635 2518 689 2555 24,
711 2520 763 2548 55.
782 2520 834 2549 56.
851 2520 904 2549 57.
934 2535 979 2542 —-
1013 2519 1152 2549 Numum

379 2569 471 2600 Cilic.
487 2569 528 2600 K.
545 2570 732 2608 examinans,
756 2571 821 2610 ipse
837 2571 1024 2610 aliquamdiu
1040 2572 1153 2601 dubius

379 2620 482 2659 haesi,
512 2627 617 2652 utrum
630 2623 774 2663 quosdam
789 2624 955 2663 superioris
974 2623 1153 2664 epigraphe

1221 2100 1333 2130 ductus
1348 2099 1386 2129 ad
1398 2099 1518 2131 litteras
1535 2110 1576 2131 su
1588 2101 1628 2131 nd
1642 2111 1740 2132 cornu
1760 2103 1878 2134 cervini
1892 2113 1996 2136 ramos

1219 2152 1373 2192 pertinere
1393 2157 1544 2192 putarem.
1687 2189 1691 2192 .
1752 2189 1768 2194 ,λ

1285 2203 1337 2245 18)
1369 2206 1510 2248 Maximi
1533 2205 1650 2236 moduli
1669 2206 1788 2236 litterae
1813 2206 1996 2239 Phoenicius

1220 2267 1294 2297 quas
1308 2257 1449 2295 viderim,
1465 2267 1579 2298 eaeque
1593 2268 1689 2298 paene
1701 2263 1765 2289 tres
1780 2257 1888 2299 digitos
1902 2260 1993 2299 altae,

1219 2315 1291 2340 sunt
1325 2308 1357 2339 iu
1392 2311 1589 2351 inscriptione
1622 2310 1816 2351 Tripolitana
1850 2311 1994 2353 bilingui,

1219 2363 1334 2402 quippe
1363 2372 1440 2402 quae
1465 2363 1550 2393 arcui
1570 2363 1749 2405 nimphali
1768 2363 1863 2394 infixa
1882 2365 1925 2395 ita
1945 2365 1995 2395 iu—

1220 2414 1385 2455 sculpenda
1403 2420 1505 2453 esset,
1535 2421 1571 2445 ut
1591 2415 1700 2456 procul
1717 2416 1777 2456 legi
1791 2421 1913 2456 posset:
1936 2426 1995 2447 nee

1221 2467 1318 2496 multo
1333 2467 1468 2497 minores
1482 2478 1549 2498 esse
1565 2468 1727 2505 videntur,
1755 2468 1868 2508 quibus
1885 2467 1996 2500 titulus

1221 2515 1391 2559 Tuggensis
1406 2520 1536 2560 scriptus
1558 2525 1604 2550 est
1624 2519 1714 2561 (vide
1728 2530 1762 2560 p.
1779 2522 1840 2551 18⁴
1856 2520 1914 2551 lin.
1925 2521 1993 2562 16).

1223 2572 1338 2602 Contra
1351 2573 1467 2601 minimi
1480 2572 1598 2602 moduli
1611 2577 1693 2610 sunt,
1717 2582 1795 2612 quse
1809 2573 1842 2603 iu
1857 2574 1996 2604 Alexan-

1221 2623 1269 2654 dri
1291 2624 1392 2654 numia
1408 2625 1597 2654 Accensibus
1610 2631 1751 2663 exstant,
1775 2636 1852 2665 quae
1867 2626 1994 2657 inermi-
