2242 2976
655 291 714 323 DE
741 290 882 324 SIGNIS
905 289 1227 324 NUMERALIBUS
1251 288 1527 324 PHOENICUM.
1854 292 1903 327 87

401 383 477 416 Alia
499 384 603 428 figura
625 386 736 417 itidem
758 385 925 417 denarium
948 395 1114 417 numerum
1137 386 1310 428 designans
1333 391 1382 417 est
1406 384 1484 416 haec
1507 381 1712 415 semilunaris

938 471 1233 519 ΛἿἽ

274 571 358 604 Nam
379 584 436 615 pro
451 584 507 612 eo,
530 574 614 616 quod
627 574 660 605 in
673 584 772 606 numo
787 572 871 605 Aces
884 571 945 604 litt.
962 572 991 604 G
1004 571 1124 615 legitur
1149 587 1207 598 —
1232 572 1269 612 O
1288 595 1297 611 ,
1321 573 1354 603 in
1371 571 1535 604 simillimo
1558 572 1620 604 litt.
1638 571 1671 604 H
1688 579 1736 604 est
1765 573 1810 601 ΓἸ
1844 569 1881 608 O

273 630 421 672 idemque
451 631 578 672 signum
607 631 742 661 recurrit
769 631 803 661 in
833 630 938 660 numis
967 628 1321 672 phoenicio-persicis,
1352 628 1501 660 Mionnet
1530 628 1571 670 pl.
1595 632 1653 668 29,
1686 640 1735 660 no.
1772 632 1902 667 9-11,

273 687 356 718 inter
378 689 506 729 viginti
525 693 557 717 et
578 686 748 725 monades,
773 692 858 718 certe
880 693 954 717 ante
978 686 1147 717 monades:

866 755 908 779 Λ
941 751 974 785 0
1174 755 1216 777 Λ
1261 753 1292 786 0

874 803 928 836 ΙΙ,
1169 801 1223 830 ΙΙΙ
1245 802 1277 832 ΙΙ

272 865 310 897 In
335 864 524 897 Cossuraois
545 866 630 897 idem
652 866 799 908 signum,
822 876 1002 908 quanquam
1026 864 1135 908 paullo
1155 864 1332 904 inflexum,
1357 864 1508 907 frequens
1531 870 1580 896 est
1602 871 1672 907 post
1695 863 1792 903 aliud,
1817 867 1901 907 quod

271 924 399 963 viginti
418 921 602 964 significare
625 932 753 960 censeo,
776 922 861 953 idem
885 923 1021 964 denique
1037 924 1071 953 in
1086 922 1321 964 subscriptione
1343 920 1426 953 tituli
1441 920 1604 952 Numidici
1619 922 1714 963 primi
1729 929 1899 963 comparet.

399 980 429 1009 3.
473 976 635 1010 Numerus
651 981 840 1010 vicenarius
853 989 1004 1020 persaepe
1022 978 1082 1009 hac
1097 978 1200 1021 figura
1215 977 1246 1009 N
1260 979 1440 1016 indicatur,
1465 989 1545 1020 quae
1562 978 1630 1017 bis,
1653 984 1721 1016 ter,
1747 984 1899 1019 quaterve

270 1035 374 1076 repeti
396 1040 521 1076 potest,
544 1035 573 1065 si
594 1034 676 1072 XL,
697 1034 782 1073 Lx,
803 1034 943 1066 LXXX
965 1035 1209 1076 exprimendum
1232 1041 1300 1073 est,
1323 1035 1431 1066 addito
1455 1034 1603 1073 denario,
1634 1034 1689 1066 ubi
1713 1034 1836 1072 XXX,
1860 1035 1898 1072 L,

270 1088 334 1121 XC
356 1089 498 1122 scribere
518 1089 648 1129 volunt,
672 1089 772 1121 veluti

715 1145 780 1178 NN
802 1162 846 1175 =
868 1147 932 1179 XL

715 1202 830 1234 —NN
854 1219 898 1233 =
921 1203 949 1235 L

614 1299 616 1301 ,
712 1258 891 1294 -NNNN
914 1275 958 1288 ==
982 1259 1045 1292 XC

271 1314 344 1346 Hoc
371 1316 539 1357 pertritum
571 1319 624 1357 (v.
655 1315 812 1348 Swinton.
844 1315 1003 1348 Mionnet.
1030 1316 1065 1349 ll.
1097 1318 1179 1359 cc.):
1215 1318 1272 1350 sed
1307 1318 1431 1349 rariora
1469 1315 1612 1347 eiusdem
1652 1314 1900 1357 significationis

274 1372 367 1414 sigua
388 1378 463 1403 sunt

401 1456 431 1497 a)
469 1444 514 1496 Μ
546 1459 568 1489 i.
591 1468 617 1488 e.
640 1456 672 1489 N
693 1458 878 1496 inversum,
901 1468 932 1489 v.
955 1468 1042 1490 num.
1065 1457 1307 1490 Marathensem

398 1540 431 1582 b)
454 1541 505 1580 H,
529 1542 613 1583 quod
635 1540 736 1573 semel
757 1544 898 1584 positum
918 1550 1023 1575 exstat
1037 1545 1077 1584 >in
1100 1554 1197 1575 numo
1219 1544 1341 1574 incerto
1363 1541 1555 1574 Phoeniciae
1576 1540 1639 1572 litt.
1657 1539 1705 1579 D,
1731 1540 1792 1571 hac
1814 1541 1898 1571 serie

270 1595 504 1636 1111-HNN,
526 1598 722 1640 geminatum
745 1599 779 1629 in
800 1597 891 1630 Coss.
916 1599 952 1630 E.
974 1599 1011 1631 F.
1034 1599 1077 1631 H.
1096 1599 1122 1632 Ι.
1141 1598 1195 1638 K,
1219 1606 1267 1630 ter
1287 1600 1484 1641 geminatum
1507 1599 1540 1629 in
1563 1603 1692 1629 moneta
1712 1595 1899 1638 phoenicio-

270 1655 395 1696 persica
410 1664 460 1695 ap.
476 1653 625 1685 Mionnet
646 1653 689 1696 pl.
705 1654 810 1686 XXX
824 1655 900 1696 (bis)
925 1667 976 1687 no.
1000 1659 1050 1688 12.
1096 1654 1270 1687 Numerale
1292 1656 1325 1687 id
1348 1661 1442 1694 esse‘,
1466 1666 1507 1686 ex
1530 1654 1581 1686 his
1605 1652 1753 1685 omnibus
1777 1660 1898 1684 certum

270 1717 336 1742 est:
360 1710 455 1752 idque
477 1713 604 1753 viginti
624 1717 735 1742 notare
760 1722 802 1743 ex
822 1710 1003 1743 Cossuraeo
1028 1711 1121 1743 valde
1144 1711 1311 1754 probabile
1333 1711 1388 1750 fit,
1410 1712 1444 1742 in
1461 1722 1522 1754 quo
1538 1710 1699 1753 praecedit
1716 1710 1896 1741 denarium.

270 1766 323 1798 Ex
340 1777 378 1797 eo
395 1777 508 1804 numo,
534 1777 627 1808 quem
649 1767 752 1808 primo
771 1766 843 1799 loco
865 1769 1047 1810 posuimus,
1069 1769 1125 1801 ubi
1139 1770 1178 1800 H
1192 1769 1320 1811 ponitur
1334 1769 1417 1799 inter
1438 1766 1469 1799 N
1484 1783 1528 1796 =
1545 1767 1617 1798 XX
1639 1774 1670 1798 et
1695 1787 1733 1791 —
1757 1768 1780 1799 i.
1798 1778 1826 1798 e.
1849 1767 1896 1806 X,

270 1821 400 1865 colligat
427 1823 603 1864 quispiam,
640 1822 701 1854 hac
730 1822 834 1865 figura
867 1825 1029 1867 designari
1059 1836 1244 1864 numerum,
1276 1825 1330 1867 qui
1357 1825 1483 1856 medius
1512 1825 1554 1855 sit
1583 1825 1666 1855 inter
1698 1823 1770 1855 XX
1802 1831 1834 1854 et
1863 1824 1898 1854 X

268 1881 291 1911 i.
313 1890 340 1910 e.
363 1877 444 1915 XV3
478 1879 535 1910 sed
564 1879 652 1921 quin,
681 1890 818 1921 quaese,
849 1880 912 1912 sibi
940 1883 1144 1923 persuadeat,
1175 1881 1372 1919 Phoenices,
1408 1882 1462 1923 qui
1491 1891 1531 1911 ne
1560 1881 1739 1922 quinarium
1768 1880 1895 1921 quidem

270 1945 437 1967 numerum
457 1934 611 1976 peculiari
634 1942 709 1966 nota
732 1935 954 1978 designabant,
978 1938 1044 1970 XV
1067 1937 1221 1981 peculiari
1242 1939 1335 1980 signo
1358 1936 1546 1979 scripsisse}
1575 1935 1650 1968 Non
1672 1942 1777 1978 potest
1798 1937 1896 1978 igitur

270 2003 333 2023 non
356 1991 390 2023 H
410 1990 456 2022 ibi
477 1991 561 2022 idem
584 1990 693 2022 valere
723 1993 806 2034 quod
836 1992 886 2032 N,
921 1996 950 2026 si
979 1995 1074 2027 modo
1104 1996 1183 2027 satis
1213 2001 1299 2026 certa
1331 2000 1380 2026 est
1406 1992 1463 2025 illa
1486 1992 1672 2026 delineatio.
1715 1991 1789 2023 Iure
1811 1994 1895 2023 enim

268 2049 416 2086 mireris,
439 2048 572 2079 eandem
594 2047 705 2079 cifram
728 2048 777 2081 bis
798 2048 829 2081 N
852 2052 1003 2093 scriptam
1026 2063 1114 2091 esse,
1138 2050 1239 2084 semel
1257 2050 1300 2082 H.

397 2133 426 2174 θ)
472 2126 513 2169 Π
563 2140 595 2164 et
646 2117 704 2168 Λ
727 2145 735 2166 :
769 2133 849 2166 illud
878 2143 981 2168 ortum
1005 2147 1046 2167 ex
1068 2135 1120 2175 H,
1150 2136 1212 2167 hoc
1234 2146 1275 2167 ex
1298 2133 1340 2167 N.
1384 2134 1468 2165 Vide
1491 2132 1621 2165 Cossur.
1646 2132 1685 2165 G.
1708 2134 1756 2173 L,
1788 2134 1895 2176 ibique

271 2220 518 2251 commentarios
543 2226 679 2252 nostros.

395 2287 427 2315 4.
473 2282 650 2316 Numerum
670 2289 892 2318 centenarium
911 2285 1071 2316 interdum
1087 2286 1159 2327 ipso
1173 2286 1302 2316 nomine
1318 2293 1388 2318 nan
1406 2283 1560 2328 (centum)
1578 2285 1772 2325 exprimunt,
1799 2284 1894 2314 etiam

269 2339 326 2371 ubi
346 2339 460 2382 reliqui
479 2342 604 2372 numeri
625 2341 713 2373 cifris
735 2343 881 2384 expressi
897 2349 972 2373 sunt
994 2342 1044 2382 (v.
1059 2341 1199 2375 Mai-ath.
1221 2341 1269 2380 A,
1294 2348 1326 2373 et
1349 2342 1388 2374 cf.
1414 2340 1537 2372 litteras
1561 2349 1582 2372 72
1607 2347 1639 2371 et
1661 2349 1706 2373 Νη
1731 2341 1763 2371 in
1788 2341 1893 2371 numis

268 2395 600 2439 phoenicio-persicis
629 2397 777 2430 Mionnet
806 2398 949 2435 XXIX,
980 2408 1032 2430 no,
1064 2400 1094 2429 5.
1119 2401 1193 2440 12).
1237 2397 1302 2430 Sed
1330 2398 1507 2441 peculiaria
1536 2396 1630 2428 huius
1654 2397 1778 2427 numeri
1802 2397 1894 2437 signa

702 2498 774 2609 [ει
843 2499 1067 2614 mx
1142 2498 1212 2611 m
1276 2498 1332 2610 Η
1393 2498 1448 2608 ιῑι

226 2688 229 2697 y
272 2647 318 2689 (v.
333 2650 431 2688 prim.
447 2647 514 2682 sid.
531 2650 577 2687 Y;
600 2650 790 2690 secundum,
816 2651 897 2693 quod
922 2651 1212 2695 frequentissimum
1236 2658 1296 2688 est,
1318 2649 1465 2681 Mionnet
1490 2648 1531 2690 pl.
1554 2646 1667 2685 XXV,
1692 2649 1743 2678 70.
1767 2648 1818 2678 73.
1842 2648 1892 2677 74,
