2242 2976
850 254 1282 288 PRAEFATIO.
1831 256 1880 288 Xl

246 349 294 385 de
327 348 490 386 Trebbia
514 351 555 386 in
578 349 678 387 bove
704 361 819 387 aureo
846 358 998 388 exstare
1024 357 1063 387 et
1085 362 1108 387 a
1132 349 1273 386 Lancio
1301 360 1376 398 ης
1405 357 1586 398 ῆη-Ἶῃῃ
1617 360 1695 411 qap
1729 351 1876 400 (sepul-

245 429 349 454 crum
376 418 577 455 Mitrachai
604 417 737 466 Tyrii).
756 418 892 455 lectam
916 430 997 455 esse
1018 429 1258 467 acceperam,
1291 418 1340 472 ad
1366 419 1466 456 hunc
1491 418 1591 455 diem
1613 419 1779 455 nancisci
1795 431 1873 455 non

238 484 363 531 potui,
395 495 519 532 neque
545 484 658 531 igitur
685 483 851 523 indicare
876 470 1050 533 possum,
1090 482 1180 533 quid
1203 482 1251 519 de
1275 495 1405 520 eorum
1433 472 1662 533 suspicione,
1699 485 1762 531 qui
1786 496 1870 521 eam

238 548 523 596 suppositiciam
539 555 787 597 putaverunt,
803 548 1048 586 iudicandum
1063 550 1121 586 sit.
1154 548 1243 585 Alia
1260 549 1547 597 inscriptionum
1563 549 1783 596 fiagmenta,
1808 562 1868 585 ea-

238 624 309 661 que
335 625 475 661 paucas
495 620 645 651 tantum
665 613 809 651 litteras
833 616 1087 659 continentia,
1115 614 1266 662 quaein
1282 613 1393 651 idolis
1407 613 1569 650 Sardicis
1584 601 1632 650 ab
1644 614 1696 650 ill.
1710 613 1866 651 Alberto

239 677 338 713 della
364 678 557 715 Marmora
580 685 731 727 reperta
757 685 796 715 et
818 691 840 716 a
863 680 929 716 cel.
957 679 1067 716 Arrio
1094 679 1188 715 mihi
1214 679 1328 715 missa
1351 685 1458 723 sunt,
1491 680 1533 714 in
1559 678 1629 714 hoc
1645 678 1739 715 libro
1756 679 1866 715 edere

237 754 359 791 neque
387 744 493 780 volui
519 755 641 792 neque
666 745 796 792 potui,
833 730 948 793 quum
975 745 1069 782 mihi
1094 744 1347 792 significatum
1361 750 1478 796 esset,
1511 743 1559 779 ab
1576 743 1657 791 ipso
1672 754 1717 779 ea
1731 740 1864 781 in‘ven-

236 815 319 845 tore
346 808 454 846 brevi
479 808 622 846 editum
649 809 706 845 iri.
758 811 965 847 Aramaeas
991 805 1254 858 inscriptiones
1279 810 1320 845 in
1346 808 1521 858 Aegypto
1548 814 1734 856 repertas,
1768 821 1863 856 quae

234 885 434 922 perperam
473 874 587 921 vulgo
620 873 831 911 Phoeniciis
865 881 1140 912 annumeratae
1174 880 1282 917 sunt,
1324 886 1394 922 pro
1429 860 1573 910 consilii
1607 873 1682 909 mei
1716 874 1862 910 ratione

233 940 392 977 fortasse
433 939 607 975 omittere
645 946 836 988 poteram:
878 940 944 977 sed
977 940 1187 977 rationibus
1220 939 1290 974 rite
1323 938 1518 975 subductis
1552 950 1614 974 eas
1657 939 1782 986 recepi
1826 945 1862 973 et

210 1047 218 1051 χ
231 1004 411 1055 singulari
437 1004 558 1052 capite
585 1006 747 1042 tractavi
771 1005 787 1053 (
794 1006 856 1042 lib.
873 1006 910 1041 ΙΙ
926 1018 1005 1054 cap.
1029 1005 1096 1053 8),
1123 1004 1262 1052 partim
1281 1009 1324 1039 ut
1339 1003 1396 1039 his
1412 1004 1530 1039 titulis
1547 1009 1646 1039 recte
1664 1003 1861 1052 explicatis

231 1075 450 1118 appareret,
477 1069 667 1116 quomodo
694 1076 733 1106 et
759 1071 943 1119 scriptura
970 1077 1008 1107 et
1031 1069 1213 1106 dialectus
1230 1068 1365 1105 horum
1381 1074 1716 1106 monumentorum
1733 1079 1755 1103 a
1771 1062 1869 1103 vere

230 1134 437 1171 Phoeniciis
462 1133 644 1179 differret,
677 1136 816 1190 partim
842 1142 886 1172 ut
911 1125 1150 1172 memorabili
1178 1133 1247 1170 hoc
1271 1135 1629 1187 scripturaelgenere
1645 1132 1860 1182 palaeogra-

230 1199 359 1248 phiam
387 1205 426 1234 et
440 1198 680 1235 Phoeniciam
699 1206 737 1235 et
754 1199 971 1237 Hebraeam
999 1201 1283 1236 illustraremus.
1338 1197 1446 1242 Quod
1471 1206 1509 1235 et
1533 1199 1795 1246 inscriptiones
1823 1205 1860 1233 et

232 1275 369 1301 numos
387 1263 593 1300 secundum
609 1265 779 1312 regiones
797 1265 1069 1314 disposuimus,
1095 1266 1136 1300 in
1150 1265 1285 1313 quibus
1301 1264 1363 1301 vel
1378 1264 1566 1313 insculpta
1589 1264 1653 1300 vel
1670 1275 1757 1299 cusa
1773 1270 1860 1298 sunt

230 1330 324 1365 haec
350 1335 615 1373 monumenta,
644 1330 761 1377 ipsius
786 1331 841 1366 rei
860 1332 958 1367 ratio
979 1330 1182 1377 flagitabat.
1237 1327 1361 1372 Quum
1391 1340 1491 1365 vero:
1512 1330 1626 1365 unius
1656 1329 1858 1365 alteriusve

229 1394 413 1429 lectorum
439 1398 656 1428 nostrorum
682 1395 863 1430 interesse
888 1396 1009 1441 possit
1036 1395 1129 1429 scire
1156 1400 1195 1429 et
1219 1405 1296 1429 uno
1317 1395 1358 1429 in
1381 1401 1583 1443 conspectu
1604 1394 1751 1436 videre,
1792 1392 1859 1427 ubi

228 1458 396 1493 locorum
422 1455 659 1503 autographa:
679 1455 814 1492 horum
842 1463 1176 1492 monumentorum
1198 1468 1298 1493 nunc
1315 1466 1574 1501 asserventur,
1609 1469 1740 1493 eorum
1758 1463 1866 1492 certe

229 1523 311 1559 sive
337 1521 556 1557 Museorum
583 1521 665 1557 sive
690 1520 1024 1564 bibliothecarum,
1066 1522 1107 1556 in
1130 1521 1264 1569 quibus
1286 1533 1477 1558 marmora
1500 1521 1709 1557 Phoeniciis
1724 1521 1867 1556 litteris-

227 1586 407 1635 inscripta
431 1591 603 1630 exstant,
633 1584 839 1622 indiculum
868 1592 1072 1623 contexere
1093 1586 1217 1622 visum
1235 1592 1309 1622 cst:
1335 1597 1537 1623 numorum
1559 1587 1659 1622 enim
1679 1585 1866 1633 exempla

228 1652 307 1688 fere
330 1652 370 1687 in
394 1650 586 1694 omuibus,
625 1656 808 1698 quotquot
829 1658 939 1695 sunt,
971 1650 1274 1699 numophylaciis
1300 1652 1546 1700 amplioribus
1571 1658 1610 1688 et
1633 1651 1791 1700 publicis
1819 1656 1857 1685 et

227 1717 387 1765 privatis
399 1754 401 1757 ,
412 1716 662 1764 reperiuntur.

354 1779 518 1817 Athenis
536 1781 578 1816 in·
605 1780 822 1823 Museoest
849 1780 989 1816 Athen.
1020 1782 1053 1816 3.

352 1844 530 1882 Beroliui
550 1845 592 1881 in
616 1845 748 1881 Museo
776 1852 866 1881 sunt
892 1856 1063 1892 gemmae
1091 1857 1152 1881 no.
1177 1847 1235 1881 67.
1265 1849 1333 1882 70..

350 1911 396 1946 In
423 1910 558 1946 Museo
583 1909 688 1960 ducis
716 1909 762 1945 de
790 1909 934 1945 Blacas
959 1930 1010 1938 —
1041 1911 1254 1958 fragmenta
1278 1910 1515 1947 Blacassiana
1539 1922 1600 1956 no.
1631 1912 1689 1946 74.
1720 1912 1738 1958 7
1746 1912 1778 1944 5.

355 1973 492 2011 calari
512 1975 554 2011 in
579 1973 759 2010 Sardinia
780 1995 831 2002 —
856 1976 967 2011 inser.
998 1974 1107 2011 Sard.
1599 2019 1602 2022 Α

360 2039 660 2089 Carpentoracti
691 2037 971 2088 (Carpentras)
1007 2040 1047 2076 in
1077 2040 1303 2078 bibliotheca
1325 2041 1534 2089 episcopali,
1555 2062 1602 2067 —
1630 2041 1739 2075 inser.
1768 2035 1856 2074 Car-

228 2111 435 2154 pentoract.
452 2116 523 2141 ·no.
553 2108 612 2140 71.

353 2170 519 2217 Duggae
545 2170 586 2205 in
604 2181 725 2221 >regno
750 2168 950 2206 Tunetano
975 2190 1026 2196 —
1051 2171 1162 2207 inscr.
1189 2170 1393 2218 Tuggensis
1419 2182 1481 2206 no.
1502 2172 1561 2206 56.

351 2234 490 2282 Hagae
517 2232 707 2270 Comitum
733 2235 773 2270 in
796 2235 930 2270 Museo
959 2255 1008 2262 —
1040 2247 1102 2272 no.
1123 2237 1181 2271 68.

351 2299 535 2335 Hauniae
560 2301 602 2335 in
626 2299 760 2336 Museo
788 2300 903 2347 Regio
931 2320 980 2327 -
1008 2298 1132 2337 Carth.
1160 2306 1180 2335 5
1209 2306 1246 2335 et
1269 2299 1430 2335 Numid..
1450 2302 1492 2334 2.»

354 2363 524 2400 Londae'ni
557 2365 593 2409 1)
621 2364 662 2400 in
695 2364 828 2400 Museo
862 2364 1077 2402 Britannico
1110 2364 1262 2402 Numid.
1286 2368 1306 2401 5
1343 2371 1381 2400 et
1413 2363 1552 2412 Tripol.
1581 2367 1615 2398 2.
1649 2384 1699 2388 —
1753 2365 1794 2407 2)
1816 2362 1854 2397 in

229 2427 359 2481 Museo
386 2428 583 2465 Societatis
609 2428 798 2465 Asiaticae
825 2429 977 2465 Numid.
1010 2434 1041 2466 1.
1068 2449 1120 2459 —
1172 2431 1212 2477 3)
1238 2431 1279 2465 in
1302 2429 1434 2465 Museo
1458 2429 1612 2464 militari
1642 2435 1680 2463 et
1705 2427 1854 2464 nautico

229 2491 365 2530 Athen.
391 2498 422 2530 1.
458 2517 498 2520 -
553 2495 594 2541 4)
622 2495 662 2529 in
689 2494 822 2530 Museo
849 2494 1076 2541 Rogersiano
1106 2506 1277 2531 monum.
1306 2501 1454 2542 aegypt.
1482 2505 1598 2530 aram.
1623 2504 1683 2528 no.
1714 2494 1771 2526 72-
1806 2510 1854 2516 -

231 2556 269 2602 5)
293 2558 333 2594 in
357 2559 575 2595 collectione
603 2558 663 2595 Sir
689 2558 858 2595 Thomae
884 2559 1025 2595 Readii.
1055 2559 1180 2596 Carth.
1212 2563 1269 2595 11.
1297 2562 1354 2594 12.
1385 2561 1429 2594 13
1459 2559 1518 2606 (v.
1545 2556 1706 2605 append.
1727 2555 1778 2600 2).
1806 2574 1854 2581 —-

231 2621 270 2668 6)
296 2632 414 2670 prope
438 2624 655 2660 Londinum
682 2624 723 2659 in
750 2624 860 2660 horto
887 2626 988 2672 regio
1025 2625 1232 2673 Vp‘rgzbazb—
1253 2625 1393 2659 Water
1419 2622 1557 2669 Tripol.
1578 2623 1608 2656 1.
1632 2619 1815 2666 bilinguis.
