2242 2976
359 286 409 323 46
473 281 605 316 LIBER
626 276 804 314 PRIMUS.
848 277 1222 312 PALAEOGRAPHIA
1244 275 1499 311 PHOENICIA.
1542 250 1930 312 CAPUT-TERTIUM.

1111 375 1140 412 §-
1171 375 1224 406 32.

913 439 1102 472 Schin
1158 430 1427 479 littera,

361 524 451 555 cuius
472 519 595 563 figurae
616 518 788 561 primariae
812 522 844 548 et
863 518 989 548 nativae
1011 517 1139 549 dentem
1162 518 1235 561 (rm
1252 531 1294 546 -.-·.-
1310 517 1371 561 1135)
1402 516 1523 548 referre
1543 515 1709 555 videntur,
1744 495 1866 559 pariter
1886 523 1981 560 atque

360 579 466 616 Mem,
496 578 528 608 in
552 575 636 606 bona
658 581 690 606 et
711 573 856 616 legitima
876 575 1033 616 scriptura
1055 574 1118 606 duo
1141 574 1239 606 habet
1264 574 1439 617 figurarum
1461 583 1598 616 genera,
1631 583 1730 605 unum
1752 574 1785 604 in
1809 583 1872 616 qno
1894 571 1982 605 linea

359 635 464 667 media
485 633 606 664 directa
626 637 841 663 transversam
863 637 968 669 secat,
1001 630 1135 663 alterum
1158 632 1191 663 iu
1214 642 1276 674 quo
1300 641 1364 662 non
1387 637 1484 662 secat.
1527 629 1649 662 Prioris
1670 630 1800 672 generis
1821 636 1898 662 eunt

870 690 882 704 1
1163 689 1174 703 Β
1307 696 1309 698 ·
1390 689 1401 705 Ι
1542 688 1555 703 6
1591 701 1594 705 .
1764 685 1766 688 ’

359 843 547 887 posterioris
570 843 698 902 generis
756 884 769 900 θ
915 885 925 898 ‚
1053 883 1065 899 Β
1163 883 1165 889 γ
1200 732 1285 898 ο>ι1
1328 882 1358 897 ιο
1456 883 1485 897 n
1578 881 1610 899 n
1699 884 1728 901 n

578 939 657 1009 ‘¹¹7'
743 940 808 1004 tq
890 941 965 987 &u
1023 936 1101 975 ud
1173 937 1244 980 ψ
1318 937 1398 985 W
1443 935 1516 986 W
1557 939 1634 990 ω
1688 949 1757 1001 V

361 1042 409 1083 (v.
427 1043 524 1083 prim.
548 1038 609 1070 Cit.
625 1041 654 1070 2.
679 1041 711 1076 8,
728 1039 759 1068 5.
782 1035 891 1067 Carth.
906 1038 936 1067 8.
950 1038 981 1067 9.
1012 1046 1076 1067 sec.
1097 1033 1201 1067 Melit.
1226 1037 1256 1074 1,
1280 1037 1309 1066 1.
1331 1037 1361 1066 2.
1378 1037 1408 1066 3.
1439 1033 1569 1067 Heracl.
1586 1034 1624 1066 A.
1640 1034 1678 1068 Β.
1704 1037 1848 1070 panorm.
1870 1035 1914 1069 Η.
1938 1035 1982 1068 Κ.

361 1102 437 1130 tert.
460 1095 571 1127 Carth.
596 1098 626 1134 1,
650 1098 680 1126 2.
704 1097 735 1133 2,
757 1097 788 1125 2.
810 1095 842 1126 3.
866 1095 896 1125 5.
919 1095 947 1131 3,
963 1095 995 1124 3.
1022 1097 1054 1132 4,
1072 1095 1103 1124 2.
1126 1094 1158 1131 5,
1178 1094 1209 1125 3.
1239 1095 1346 1134 quart.
1369 1090 1478 1123 Carth.
1498 1095 1528 1131 5,
1544 1097 1576 1124 4.
1607 1096 1711 1136 quint.
1734 1092 1796 1125 Cit.
1812 1096 1862 1126 13.
1894 1097 1983 1125 next.

362 1152 467 1195 Tugg.
487 1152 622 1194 ubique3
646 1155 727 1193 sept.
749 1149 865 1181 Athen.
889 1153 919 1181 2.
940 1148 1045 1181 Melit.
1064 1152 1083 1180 2
1105 1148 1162 1180 lin.
1179 1149 1211 1180 3.
1245 1152 1306 1179 oct.
1328 1146 1391 1179 Cit.
1410 1151 1442 1188 3,
1464 1151 1494 1182 3.
1521 1152 1572 1189 10,
1592 1154 1624 1181 4.
1649 1153 1700 1190 17,
1719 1153 1748 1182 1.
1773 1153 1832 1190 23,
1849 1153 1879 1182 2.
1907 1159 1984 1186 non·

359 1209 477 1242 Athen.
501 1212 530 1241 1.
555 1211 585 1239 2.
616 1206 679 1239 Cit.
702 1211 734 1238 4.
771 1206 840 1239 dec.
863 1205 967 1239 Melit.
992 1209 1023 1239 3.
1045 1210 1074 1238 4.
1096 1205 1188 1238 sard.
1217 1204 1330 1238 undec.
1349 1204 1452 1237 Melit.
1474 1208 1506 1245 3,
1522 1210 1552 1239 2.
1582 1206 1716 1240 dundee.
1739 1206 1802 1239 Cit.
1823 1209 1853 1239 7.
1876 1209 1936 1246 33,
1952 1209 2000 1238 6.’

360 1265 508 1298 Panorm.
532 1264 573 1296 L.
610 1268 688 1296 tert.
714 1263 784 1295 dec.
812 1263 937 1305 Eryc.).
986 1261 1024 1294 In
1054 1261 1106 1294 his
1137 1260 1220 1293 aliae
1251 1261 1419 1294 candalum
1450 1261 1589 1303 habent,
1625 1264 1682 1296 sed
1713 1263 1863 1304 brevem,
1899 1262 1984 1296 alia·

361 1321 498 1354 nullam:
521 1320 605 1352 aliae
627 1319 792 1363 pluribus,
816 1318 941 1351 duobus
965 1325 1070 1358 certe,
1099 1316 1214 1350 calami
1236 1317 1383 1351 ductibus
1406 1320 1525 1361 pictae,
1549 1318 1633 1351 aliae
1655 1330 1720 1352 uno
1743 1322 1819 1361 (no.
1839 1322 1890 1353 10.
1906 1320 1983 1363 12):

361 1388 425 1409 una
446 1377 551 1420 figura
573 1378 644 1420 (no.
668 1376 728 1418 11)
751 1377 784 1407 in
807 1376 886 1407 duas
909 1376 1001 1418 quani
1020 1374 1167 1406 diffracta
1190 1379 1257 1414 eut,
1286 1374 1327 1407 cf.
1348 1374 1454 1407 eimile
1475 1375 1565 1408 Mem
1586 1376 1621 1408 in
1644 1377 1757 1410 eodem
1777 1383 1984 1419 monumento

361 1433 464 1466 Melit.
480 1437 518 1474 3,
550 1439 582 1465 et
602 1433 688 1465 infra
707 1434 735 1471 ς.
754 1435 806 1471 34,
826 1434 856 1464 3.
901 1431 987 1464 Raro
1010 1438 1042 1463 et
1063 1429 1237 1474 singulari·
1258 1431 1362 1475 figura
1385 1438 1434 1464 est

1128 1514 1205 1590 ἢ,

363 1623 425 1656 Cit.
449 1628 468 1657 8
496 1623 553 1656 lin.
580 1627 611 1663 2,
641 1624 698 1656 sed
720 1623 891 1656 manifesto
916 1631 1022 1657 tamen
1052 1625 1164 1658 Schin-

489 1692 577 1725 Inter
599 1691 698 1724 Schin
720 1698 752 1724 et
775 1692 863 1724 Mem
886 1693 1004 1736 duplex
1026 1694 1198 1727 discrimen
1221 1705 1310 1733 esee,
1333 1702 1431 1736 supra
1452 1693 1577 1735 (5.24)
1599 1692 1756 1725 vidimus:
1784 1704 1882 1727 unum
1897 1695 1984 1738 quod

360 1751 392 1781 in
415 1749 535 1780 caudae
561 1750 631 1781 sive
658 1748 859 1792 longitudine
881 1750 950 1781 sive
972 1750 1128 1783 brevitate
1149 1752 1293 1794 adeoque
1316 1750 1464 1783 absentia
1485 1750 1642 1789 cernitur,
1675 1748 1810 1783 alterum
1834 1751 1920 1794 quod
1941 1751 1984 1790 ad

360 1806 497 1837 mediam
519 1805 638 1837 lineam
663 1806 792 1844 attinet,
821 1816 902 1848 quae
924 1807 957 1838 in
979 1807 1077 1839 Schin
1092 1809 1197 1840 rarius
1216 1818 1311 1850 quam
1325 1808 1358 1838 in
1374 1806 1462 1838 Mem
1479 1812 1694 1838 trau-versam
1712 1814 1800 1839 necat
1815 1807 1877 1849 (cs.
1893 1805 1984 1851 not).

486 1862 527 1893 Et
549 1861 611 1893 hoc
634 1862 763 1904 quidem
785 1861 956 1895 discrimen
978 1863 1129 1907 religiose
1152 1864 1340 1896 observatur
1361 1864 1516 1905 (excepta
1537 1872 1600 1894 una
1621 1861 1726 1906 figura
1745 1861 1877 1897 Numid.
1893 1864 1924 1903 1,
1941 1866 1983 1904 3)

360 1920 394 1950 in
415 1919 571 1960 scriptura
591 1917 779 1957 Numidica,
815 1930 896 1961 quae
919 1920 977 1953 has
999 1920 1098 1953 habet
1121 1920 1219 1953 Schin
1240 1920 1365 1952 litterae
1386 1917 1528 1961 figuras:

811 1977 842 1992 ²⁴
1045 1978 1073 1994 15
1217 1977 1247 1994 1⁶
1372 1977 1402 1992 ²7
1544 1974 1573 1991 ΞΒ

361 2129 488 2170 (quart.
511 2128 581 2160 dec.
604 2128 734 2163 Numid.
757 2136 787 2171 1,
813 2136 844 2164 1.
859 2136 890 2164 4.
912 2135 944 2171 2,
967 2135 996 2164 1.
1019 2134 1050 2171 3,
1065 2135 1095 2163 2.
1116 2135 1149 2170 4,
1167 2135 1182 2163 1
1208 2137 1331 2174 quater,
1354 2133 1385 2171 5,
1401 2134 1431 2162 1.
1451 2135 1482 2163 4.
1501 2133 1532 2163 6.
1556 2134 1589 2171 7,
1608 2135 1637 2163 1.
1652 2134 1684 2163 2.
1715 2132 1820 2173 quint.
1843 2129 1912 2162 dec.
1935 2129 1982 2163 ib.

362 2188 393 2223 2,
409 2188 440 2216 2.
464 2188 495 2231 6,
516 2187 552 2216 3.1
573 2191 659 2218 sext.
677 2188 744 2220 dec.
766 2187 897 2221 Numid.
915 2192 945 2227 2,
963 2191 994 2220 3.
1021 2192 1105 2231 cept.
1120 2188 1189 2220 dec.
1212 2199 1297 2219 num.
1320 2186 1419 2219 Iubae
1441 2189 1517 2229 maj.
1539 2187 1581 2220 A.
1599 2186 1638 2219 Β.
1657 2185 1696 2218 C.
1724 2180 1823 2218 Iubae
1845 2187 1920 2218 min.
1941 2186 1981 2218 E.

360 2238 490 2272 Numid.
518 2244 549 2280 7,
575 2245 605 2274 2.
640 2248 702 2275 oct.
727 2244 796 2276 dec.
830 2243 961 2276 Numid.
980 2249 1001 2276 4
1028 2244 1086 2276 liu.
1111 2247 1130 2277 3
1161 2251 1193 2276 et
1222 2246 1255 2275 in
1286 2245 1392 2275 numis
1422 2242 1521 2275 Iubae
1544 2245 1621 2276 min.
1643 2244 1675 2275 in
1700 2243 1812 2283 mm).
1862 2241 1899 2274 In
1929 2242 1981 2275 his

362 2296 486 2329 decima
507 2305 600 2330 sexta
622 2300 734 2332 eadem
754 2307 821 2340 est,
858 2307 952 2344 atque
975 2303 1116 2344 priores,
1150 2301 1206 2333 sed
1231 2299 1297 2332 alio
1320 2298 1434 2332 calami
1456 2301 1553 2332 ductu
1576 2299 1677 2331 facta:
1700 2299 1825 2331 decima
1846 2300 1983 2341 septima

363 2359 432 2384 orta
468 2361 517 2385 est
552 2365 593 2386 ex
630 2357 740 2387 tertia:
779 2364 890 2388 octava
927 2358 1050 2389 decima
1085 2369 1127 2389 ex
1156 2368 1208 2388 no.
1243 2359 1293 2388 13.
1344 2355 1513 2395 Quomodo
1549 2356 1649 2388 Poeni
1686 2354 1846 2388 Numidae
1880 2354 1980 2387 Schin

363 2409 568 2442 distinxerint
595 2422 614 2443 a
643 2411 752 2452 Mem,
789 2414 909 2455 optime
939 2413 1119 2456 intelligent
1145 2413 1301 2451 lectores,
1338 2414 1367 2444 si
1394 2412 1501 2445 modo'
1520 2410 1777 2455 contemplentur
1796 2410 1913 2451 verba,
1946 2412 1980 2443 in

364 2465 477 2506 quibus
508 2466 569 2498 hae
599 2468 679 2499 duae
709 2468 833 2500 litterae
862 2468 1026 2511 copulatae
1057 2477 1149 2508 sunt,
1186 2468 1272 2500 velut
1301 2477 1373 2502 »νοω
1405 2468 1537 2502 Numid.
1561 2473 1592 2508 1,
1617 2472 1645 2500 1.
1674 2471 1705 2507 2,
1729 2471 1758 2499 1.
1786 2470 1817 2507 3,
1837 2471 1866 2499 2.
1893 2472 1926 2507 4,
1949 2470 1980 2500 3.

364 2522 488 2555 bna-«vn
512 2522 641 2556 Numid.
664 2528 695 2564 1,
717 2527 754 2564 3,
789 2527 895 2567 ibam-1
919 2524 1050 2557 Numid.
1067 2529 1099 2563 4,
1120 2529 1150 2556 2.

493 2577 594 2612 Sch't‘n
622 2582 655 2612 in
684 2580 744 2613 hac
772 2583 927 2625 scriptura
956 2582 1057 2624 signis
1094 2581 1267 2612 diacriticis
1301 2588 1429 2613 carente
1465 2583 1559 2613 etiarn
1597 2579 1660 2612 Sin
1694 2577 1979 2623 comprehendere,

366 2643 428 2664 non
458 2642 506 2667 est
534 2638 617 2679 quod
639 2648 836 2671 moneamus.
882 2637 946 2670 Sed
971 2637 1027 2669 Sin
1050 2635 1176 2669 litterae
1210 2639 1402 2679 paucissima
1430 2644 1560 2670 exstant
1588 2636 1758 2680 exempla,
1790 2643 1822 2668 et
1843 2636 1980 2669 torta-ae
