2242 2976
884 279 1312 313 PRAEFATIO.
1864 282 1910 314 lx

291 378 328 412 in
355 372 517 423 legendo
533 373 681 410 libidini
697 378 748 410 ex
764 372 966 411 hoc'fflove
981 374 1183 423 alphabeto
1198 376 1281 412 veri
1297 373 1495 423 quandam
1509 377 1670 426 speciem
1693 388 1911 425 comparare

287 446 442 490 possent
464 439 634 476 homines
661 439 868 476 semidocti.
928 440 1084 485 Quarta
1099 439 1260 488 denique
1278 451 1355 484 res,
1388 452 1482 489 quae
1498 442 1693 479 doctorum
1712 442 1761 480 de
1778 453 1909 478 monu-

259 507 424 542 xr'n'cntis
454 504 660 541 Phoeniciis
686 489 868 541 iudicium
898 505 1036 542 mirum
1070 506 1110 541 in
1143 505 1300 542 modum
1328 498 1525 558 turbavit-‚¹
1553 514 1610 544 est
1635 507 1821 544 renovata
1846 507 1909 543 illa

286 571 333 607 de
360 570 509 607 dialecti
534 569 757 606 Phoeniciae
783 575 822 606 et
846 570 1009 606 Punicae
1036 570 1132 607 facie
1158 570 1340 607 dissensio
1359 570 1404 618 ⁸).
1463 570 1561 608 Nam
1592 578 1792 621 postquam
1820 571 1908 607 inde

285 648 307 672 a
341 635 525 672 Bochai-to
557 640 708 671 tantum
740 645 819 671 non
844 646 978 671 omnes
1007 636 1048 671 in
1076 646 1122 672 eo
1150 642 1435 681 consenserant,
1476 637 1641 684 linguam
1667 637 1907 673 Phoenicium

282 701 414 749 paucis
436 701 604 749 exceptis
628 701 750 749 ipsam
775 700 941 747 linguam
964 700 1179 737 Hebraeam
1209 712 1307 745 esse,
1347 712 1470 749 nuper
1496 702 1644 739 exstitit
1670 702 1907 739 Hamakerus

280 775 528 814 „perversam
555 766 667 801 istam
693 771 732 801 et
758 766 996 802 temerariam
1027 766 1281 814 opinionem“
1304 776 1355 802 ex
1375 767 1513 803 animis
1530 766 1765 803 eruditorum
1783 767 1905 803 oradi-

282 835 449 875 caturus,
479 829 581 878 qnod
607 830 662 866 ita
685 830 829 875 effecit,
855 837 899 868 ut
924 841 976 866 ex
1001 831 1117 867 variis
1139 831 1445 879 inscriptionibus
1471 843 1494 868 a
1521 843 1561 868 se
1587 831 1788 880 explicatis
1807 833 1904 869 varii

281 895 418 931 coloris
457 900 608 932 textum
643 895 883 944 exsculperet
914 906 966 931 ex
996 896 1166 932 omnium
1202 896 1447 932 dialectorum
1483 896 1747 932 Semiticarum
1771 897 1904 934 formis

280 960 552 1007 compositum:
593 966 632 996 et
664 971 777 996 nemo
808 961 906 997 ullus
932 961 1118 1004 surrexit,
1155 962 1219 1008 qui
1245 961 1380 996 erroris
1408 973 1577 998 caussam
1605 963 1766 1010 aperiret
1791 968 1908 1010 atque<

279 1023 510 1069 ostenderet,
551 1025 656 1063 illam
695 1023 843 1061 dialecti
881 1024 1103 1064 Phoeniciae
1138 1026 1299 1064 formam
1334 1026 1460 1064 fictam
1493 1038 1573 1065 csse
1602 1027 1740 1077 talique
1767 1026 1901 1074 horum

278 1095 612 1127 monumentorum
642 1090 954 1142 interpretatione
988 1090 1077 1134 niti,
1113 1091 1153 1127 in
1188 1101 1263 1139 qua
1291 1091 1360 1128 vix
1387 1082 1501 1130 unius*
1525 1091 1727 1131 alteriusve
1754 1091 1900 1132 litterae

276 1159 444 1203 potestas
477 1161 577 1191 recte
603 1153 757 1191 definita
788 1155 846 1191 sit.
913 1153 1136 1203 Quanquam
1163 1155 1361 1193 fatendum
1396 1162 1470 1201 est,
1511 1156 1581 1195 hoc
1603 1157 1653 1193 ab
1678 1157 1724 1195 iis
1750 1142 1898 1196 tantum

275 1230 353 1256 non
370 1219 508 1257 frustra
527 1220 664 1257 tentari
679 1220 858 1269 potuisse,
876 1220 941 1268 qui
955 1226 1300 1265 monumentorum,
1317 1232 1413 1269 quae
1427 1220 1669 1258 Hamakerus
1682 1221 1781 1257 male
1799 1221 1897 1269 legit,

275 1285 346 1332 ipsi
373 1284 606 1332 probabilem
634 1284 929 1333 explicationem
958 1296 1008 1321 ex
1031 1285 1147 1323 solius
1169 1286 1318 1335 linguae
1338 1285 1536 1323 Hebraeae
1553 1286 1726 1334 analogia
1740 1286 1897 1335 petitam

276 1341 382 1385 dare⁴
391 1354 556 1396 possent.

399 1408 504 1454 Quae
530 1409 683 1460 quidem
711 1414 839 1465 omnia
865 1414 997 1448 iccirco
1028 1424 1051 1448 a
1079 1415 1189 1451 nobis
1215 1414 1409 1462 disputata
1435 1422 1543 1459 sunt,
1579 1422 1622 1452 ut
1646 1416 1897 1462 intelligerent

271 1477 405 1514 harum
431 1487 558 1512 rerum
581 1474 756 1521 studiosi,
792 1475 881 1525 quid
908 1476 1016 1512 nobis
1040 1477 1131 1524 ipsis
1157 1477 1310 1513 omnem
1337 1478 1434 1514 hanc
1461 1478 1659 1514 materiam
1683 1479 1730 1514 de
1751 1480 1897 1527 integro

271 1541 526 1579 retractatui-is
553 1539 823 1588 praestandum
858 1541 1131 1585 censuerimus,
1171 1547 1214 1577 ut
1248 1541 1402 1578 tandem
1444 1543 1639 1579 minuatur
1673 1544 1895 1591 opinionum

271 1607 469 1646 diversitas
493 1617 694 1654 rerumque
710 1605 995 1642 Phoeniciarum
1022 1605 1155 1644 studiis
1181 1618 1271 1645 suus
1298 1607 1480 1644 habeatur
1500 1607 1622 1653 honor
1654 1608 1841 1659 locusque.

387 1671 569 1720 ‘Namque
588 1670 764 1720 prbmum
790 1669 829 1706 id
856 1670 1045 1718 agendum
1072 1671 1224 1719 putavi,
1249 1677 1291 1710 ut
1309 1673 1455 1717 omnia,
1483 1679 1668 1721 quotquot
1682 1684 1732 1710 ex
1749 1665 1894 1721 ingenti

268 1738 331 1774 illo
368 1737 576 1775 litterarum
607 1735 890 1773 Phoeniciarum
918 1735 1113 1783 naufragio
1143 1739 1295 1773 servata
1326 1743 1365 1773 et
1391 1737 1439 1773 ad
1466 1737 1565 1775 hunc
1595 1738 1695 1776 diem
1723 1751 1744 1773 e
1771 1746 1891 1775 terrac

268 1803 409 1850 gremio
435 1813 582 1849 egressa
607 1807 750 1847 essent,
784 1807 1035 1839 monumenta
1059 1796 1138 1837 sive
1162 1800 1262 1837 edita
1284 1802 1365 1838 sive
1385 1802 1527 1842 inedita
1549 1803 1718 1852 undique
1741 1806 1891 1852 conqui-

269 1868 341 1909 sita
366 1873 405 1902 et
432 1867 472 1902 in
499 1872 619 1902 unum
645 1877 781 1913 corpus
807 1865 962 1901 collecta
984 1865 1202 1904 exhiberem
1221 1866 1264 1914 9).
1319 1866 1376 1902 Eo
1402 1868 1580 1904 maiorem
1609 1870 1710 1904 enim
1739 1863 1890 1918 operam

332 2011 364 2054 8)
388 2013 527 2044 Ecxnnx.
550 2011 573 2042 l.
597 2022 626 2042 c.
651 2023 683 2052 p.
710 2015 791 2044 399:
826 2012 1043 2052 „Praecipuae

267 2074 372 2096 censae
396 2070 551 2095 tantorum
574 2064 770 2095 dissidiorum
798 2065 830 2094 in
858 2064 1043 2105 explicandis

266 2117 474 2149 monumentis
508 2116 685 2148 Phoeniciis
715 2121 805 2155 sunt,
846 2118 930 2157 quod
956 2117 1042 2147 deest

266 2170 392 2200 seientia
410 2180 483 2200 vera
494 2191 502 2207 ,
536 2170 645 2200 saltem
655 2180 795 2210 magnam
808 2175 924 2211 partem
936 2192 945 2209 ‚
970 2180 1041 2201 cum

265 2221 432 2264 alphabeti,
462 2227 528 2252 tum
542 2221 660 2265 linguae
675 2222 871 2252 Phoeniciae.
885 2224 907 2239 “

328 2272 362 2315 9)
386 2274 535 2305 Omnium
559 2279 829 2305 monumentorum
852 2274 1038 2304 Phoenicio-

261 2337 331 2358 rum
352 2336 464 2367 corpus
485 2328 559 2357 olim
580 2327 721 2357 molitum
742 2339 807 2357 esse
831 2328 1037 2357 Gimumm

260 2380 468 2411 Faunorum
495 2380 687 2417 Romanum,
732 2381 819 2409 cuius
857 2391 933 2420 opus
965 2380 1038 2417 „de

261 2431 445 2463 Phoeniciae
482 2432 670 2463 litteram-ae
708 2432 880 2462 fontibus“
922 2433 1037 2461 Romae

262 2487 344 2516 1805
379 2485 513 2525 prodiit,
557 2485 642 2516 testis
679 2490 726 2515 est
763 2484 964 2515 Akerbladius
1004 2485 1037 2513 in

263 2536 436 2568 Comment.
460 2538 574 2567 Societ.
601 2538 678 2578 Reg.
706 2535 844 2577 Gotting.
868 2537 942 2567 Vol.
957 2523 1037 2566 XIV

261 2597 294 2628 p.
309 2592 369 2620 226
382 2602 389 2619 ι
422 2589 547 2627 „Nulla
569 2595 614 2619 est
630 2599 697 2629 spes
707 2612 716 2627 ,
739 2594 775 2619 ut
791 2600 866 2629 opus
879 2589 1035 2619 Fabricia-

261 2650 335 2670 num
346 2663 355 2679 ‚
386 2642 467 2680 quod
488 2642 663 2683 prolixitate
685 2642 819 2680 laborat,
851 2641 899 2671 his
913 2647 1034 2682 tempo-

1112 2012 1196 2042 ribus
1234 2012 1356 2052 [1807]
1394 2013 1428 2042 in
1467 2014 1545 2044 urbe
1584 2020 1632 2045 tot
1671 2016 1888 2048 calamitatibus

1111 2064 1225 2095 afflicta
1248 2064 1394 2096 edatur.“
1438 2066 1512 2096 Non
1532 2068 1627 2108 magis
1645 2069 1798 2108 perfecta,
1826 2072 1888 2101 imo

1111 2118 1148 2146 ab
1177 2117 1252 2158 ipsis
1283 2118 1483 2159 scriptoribus
1514 2119 1649 2159 abiecta,
1687 2127 1759 2152 sunt
1779 2124 1888 2154 similia

1109 2168 1144 2198 F.
1168 2167 1206 2199 P.
1229 2169 1361 2211 Bayeri,
1392 2172 1511 2201 Mur-rii
1526 2172 1811 2214 Nor-imbergensis,
1848 2175 1885 2207 O.

1112 2219 1148 2251 G.
1166 2221 1327 2263 Tychsem'i
1341 2224 1467 2254 consilia
1477 2247 1486 2262 ‚
1511 2235 1590 2265 quae
1602 2233 1753 2257 memorat
1766 2229 1885 2259 Beller-

1108 2284 1256 2312 mannmx,
1296 2275 1333 2305 de
1359 2277 1454 2307 inser.
1479 2277 1655 2309 Phoeniciis
1670 2290 1736 2320 pag.
1758 2282 1801 2311 4.-
1831 2283 1883 2311 sed

1109 2327 1283 2357 etiamnunc
1302 2334 1496 2368 exspectatur
1509 2330 1566 2368 cel'.
1583 2331 1790 2364 annmmcu
1806 2335 1883 2364 liber

1109 2379 1181 2416 „de
1216 2382 1317 2410 numia
1352 2386 1383 2411 et
1419 2382 1669 2423 inscriptionibus
1698 2385 1882 2415 Phoenicio-

1106 2432 1253 2471 Punicis,
1283 2434 1422 2464 Hauniae
1434 2457 1442 2472 ‚
1475 2446 1524 2475 ap.
1544 2435 1721 2467 Schubothe
1742 2438 1774 2467 in
1796 2448 1879 2466 com-

1105 2485 1241 2522 miss.“‚
1281 2497 1372 2526 quem
1397 2488 1430 2516 in
1457 2487 1542 2517 libris
1569 2498 1644 2518 mox
1670 2490 1791 2518 edendis
1820 2491 1878 2518 iam

1104 2547 1184 2566 anno
1196 2538 1277 2568 1834
1293 2539 1590 2570 inWeidmanniano
1604 2541 1751 2571 librorum
1758 2541 1878 2581 Lipsiae

1103 2591 1257 2621 venalium
1282 2591 1379 2622 indice
1393 2593 1576 2623 recensitum
1592 2594 1667 2623 vidi.
