2242 2976
374 285 421 323 18
478 281 611 315 LIBER
633 281 808 315 PRIMUS.
851 277 1226 313 PALAEOGRAPHIA
1251 276 1505 311 PHOENICIA.
1547 276 1695 312 CAPUT
1717 276 1932 311 TERTIUM.

1129 374 1157 412 ς.
1183 375 1233 404 το.
2002 355 2024 430 '1³2

570 443 627 476 De
658 445 793 475 variis
822 444 1000 474 nativae
1017 440 1213 484 figurae
1241 443 1391 473 neurim
1420 443 1612 473 mutatae
1642 443 1798 472 caucis.

496 512 561 544 Sed
574 512 693 554 primae
708 517 739 541 et
753 510 879 541 nativae
894 508 970 541 illae
986 507 1216 541 elementorum
1225 507 1348 551 figurae
1358 515 1469 551 postea
1481 508 1578 540 variis
1593 507 1634 539 de
1648 508 1754 540 causis
1769 514 1998 541 mutataesnnt.

499 569 548 601 Ac
559 571 699 610 primun
714 566 853 610 quidem,
871 572 905 598 ut
917 557 1292 608 modo‘significavimua
1305 575 1452 608 magnam
1467 575 1506 596 ea
1520 565 1554 596 in
1568 574 1604 596 re
1618 565 1682 596 vim
1695 563 1807 596 habuit
1821 562 1999 596 scribarum

373 611 497 658 desidia
516 626 619 656 dicam
641 634 682 655 an
704 622 908 662 festinantia,
931 629 966 654 ut
988 621 1088 654 verbo
1111 621 1234 660 dicam,
1265 621 1528 665 tachygrapln'a,
1559 631 1641 664 quae
1665 619 1746 652 tales
1770 618 2001 653 elementorum

371 682 491 725 figuras
514 680 668 723 poscebat
688 687 720 712 et
744 678 914 722 gignebat,
945 690 1025 722 quae
1049 677 1215 718 celeriter,
1246 677 1400 710 facillimo
1426 679 1576 721 negotio,
1599 683 1631 710 et
1654 676 1706 709 vel
1730 688 1794 710 uno
1816 675 1999 720 vel'paucis

372 741 487 774 calami
509 738 657 772 ductibus
679 737 767 780 pingi
790 742 929 779 possent.
974 734 1166 778 Quanquam
1188 735 1274 767 enim
1297 745 1383 766 niune
1405 732 1495 766 nulla
1521 733 1586 766 alia
1606 727 1790 776 >scripturae
1812 732 2020 777 phoeniciae

371 802 578 830 monumenta
597 799 784 837 supersunt,
807 803 901 835 quam
925 802 1006 835 quae
1030 791 1191 835 lapidibus
1213 801 1346 833 operose
1361 789 1519 833 insculpta
1533 797 1588 822 aut
1603 788 1732 822 metallo
1748 791 1906 833 impressa
1925 789 2002 830 sint,

372 865 467 888 nemo
488 860 595 885 tamen
615 849 790 888 dubitabit,
813 850 890 892 quin
904 848 1103 887 Phoenices,
1124 846 1307 879 mortalium
1321 845 1552 885 sollertissimi,
1576 853 1643 879 tum
1665 845 1806 878 inlibris
1823 845 2002 880 scribendis
2030 836 2034 840 ”

371 918 438 943 tuin
460 910 600 942 maxime
622 908 655 939 in
677 906 869 938 commercio
893 904 1074 936 exercendo
1097 903 1195 936 celeri
1222 905 1318 935 etiam
1341 904 1374 935 in
1404 902 1515 935 charta
1537 913 1731 946 pergamena
1753 901 1804 934 vel
1826 912 2003 946 papyraoea

371 965 533 1000 scribendi
563 973 681 1008 genere
704 963 754 994 usi
773 962 838 994 sint
854 968 905 1001 et,
928 962 1048 1004 pariter
1069 967 1163 1004 atque
1187 959 1343 999 Hebraei,
1367 958 1601 1005 tachygrapbos
1623 959 1721 1007 (ww
1745 962 1810 1004 neb
1834 958 1884 991 Ps.
1897 961 1951 999 45,
1966 958 2003 1002 2)

374 1018 555 1055 habuerint.
599 1020 696 1063 ldque
717 1020 821 1061 ipsum
843 1019 1018 1060 scripturae
1041 1016 1228 1060 phoeniciae
1251 1016 1384 1048 historia
1405 1017 1508 1048 docet.
1525 1023 1533 1033 ³
1553 1014 1700 1059 Namque
1718 1016 1814 1047 etiam
1836 1017 1869 1048 in
1888 1025 2002 1048 monu-

373 1080 491 1111 mentis
522 1077 641 1110 nostris
675 1074 827 1118 lapideis,
863 1074 973 1105 aeneis
1007 1074 1233 1116 argenteisque
1269 1072 1421 1105 inferiore
1455 1079 1560 1104 aetate
1600 1073 1730 1104 nonnisi
1766 1071 1848 1104 tales
1877 1071 2005 1117 figurae

374 1141 572 1178 comparent,
602 1143 683 1176 quae
712 1131 856 1175 fugiente
885 1131 976 1173 quasi
1004 1128 1127 1161 calamo
1148 1131 1237 1173 pingi
1259 1136 1424 1172 poterant3
1454 1130 1501 1161 ita
1530 1135 1564 1161 ut
1584 1136 1752 1172 appareat,
1781 1128 1838 1161 illo
1860 1136 2004 1171 tempore

373 1193 437 1224 iam
460 1190 565 1223 nullas
586 1188 666 1221 alias
690 1189 722 1220 in
750 1198 811 1219 usu
833 1187 944 1219 fuisse.
1683 1179 1685 1182 ⁴

501 1247 624 1279 Altera
651 1251 843 1277 mutatarum
866 1242 1043 1286 figurarum
1066 1253 1163 1274 causa
1195 1243 1229 1274 in
1258 1241 1435 1274 scribarum
1464 1240 1608 1274 artificiis
1637 1253 1664 1274 s.
1697 1243 1729 1274 in
1759 1241 2005 1285 calh’graphme

374 1303 483 1336 studio
502 1302 683 1346 quaerenda
705 1307 763 1332 est.
806 1299 894 1331 Huic
909 1307 1014 1331 autem
1030 1298 1219 1331 tribuendae
1235 1298 1478 1330 artificiosiores
1497 1297 1675 1332 litterarum
1696 1297 1838 1341 figurae,
1861 1297 1949 1330 velut
1969 1295 2006 1342 a)

374 1371 455 1403 quae
475 1360 580 1402 scapis
603 1357 831 1395 crassissimis,
860 1355 955 1388 lineis
976 1363 1081 1388 autem
1103 1356 1295 1387 transversis
1315 1355 1513 1387 tenuissimis
1541 1355 1646 1396 pictae
1674 1362 1750 1386 sunt
1772 1356 1848 1395 (unit
1871 1353 2006 1387 Grund-

374 1415 518 1449 strichen
536 1414 604 1447 «md
619 1412 897 1454 Haut-strichen),
920 1419 955 1444 ut
973 1413 1005 1443 in
1026 1412 1132 1444 numis
1148 1409 1360 1452 Syracusanis
1375 1418 1407 1442 et
1422 1410 1674 1448 Panormitanis;
1697 1410 1733 1451 b)
1750 1421 1883 1453 quarum
1897 1410 2004 1444 lineae

373 1474 408 1504 in
428 1471 594 1514 globulos,
623 1481 687 1501 non
711 1471 744 1501 in
766 1471 871 1507 acies,
903 1475 1042 1506 exeunt,
1073 1467 1124 1498 vel
1151 1467 1232 1498 adeo
1252 1465 1392 1509 globulis
1416 1467 1638 1508 margaritisve
1665 1473 1811 1498 constare
1841 1467 2002 1506 videntur,

374 1536 410 1561 nt
438 1529 471 1559 in
500 1524 681 1569 epigraphis
706 1523 930 1556 nonnullorum
949 1523 1158 1555 Tarsensium
1179 1522 1234 1565 (cf.
1256 1523 1361 1565 capita
1383 1532 1520 1565 superne
1542 1528 1635 1554 acuta
1656 1523 1689 1554 in
1706 1521 1816 1567 Carth⁷
1832 1523 1883 1565 9);
1907 1524 2004 1555 etiam

374 1584 436 1616 hoc
467 1583 499 1625 c)
522 1579 750 1624 calligraphiae
781 1580 940 1623 quoddam
969 1579 1109 1611 studium
1142 1577 1288 1610 redolere
1317 1579 1460 1617 videtur,
1490 1579 1575 1621 quod
1604 1578 1754 1611 nonnulli
1775 1580 1940 1620 statuarii,
1968 1580 2003 1612 in

375 1641 489 1672 eodem
525 1644 731 1671 monumento
766 1637 922 1679 pervariis
957 1635 1101 1668 eiusdem
1134 1633 1260 1667 litterae
1295 1634 1409 1678 figuris
1444 1633 1590 1667 consulto
1626 1636 1676 1667 usi
1712 1642 1804 1675 sunt,
1843 1635 1942 1668 veluti
1969 1635 2003 1668 in

375 1699 471 1729 inscr.
491 1695 639 1736 Erycina.

509 1752 624 1784 Tertia
647 1750 802 1794 quaedam
820 1748 996 1792 figurarum
1017 1748 1078 1780 hoc
1107 1747 1159 1780 vel
1189 1747 1245 1780 illo
1272 1747 1366 1779 modo
1398 1748 1554 1790 pictarum
1585 1758 1682 1781 causa
1706 1759 1769 1781 non
1793 1759 1925 1792 prorsus
1948 1747 2005 1781 illa

376 1809 503 1854 quidem
520 1807 728 1851 negligenda,
751 1806 933 1849 quaerenda
948 1812 996 1837 est
1011 1806 1044 1837 in
1060 1808 1185 1848 epoho,
1207 1804 1292 1847 quod
1314 1814 1511 1847 quorumque
1529 1812 1806 1838 monumentorum
1824 1806 2006 1849 inscriptio·

376 1866 471 1898 nibus
499 1875 684 1896 concessum
714 1862 866 1894 videbant
897 1861 1048 1893 artifices.
1098 1860 1164 1893 Ubi
1193 1860 1332 1903 amplum
1362 1868 1431 1892 erat
1457 1862 1595 1903 spatium
1628 1872 1806 1905 magnaque
1834 1872 1928 1901 area,
1965 1872 2006 1894 aa

377 1924 472 1954 etiam
495 1922 605 1963 paucis
627 1919 742 1951 litteris
765 1927 925 1961 utcunque
947 1917 1108 1961 implenda
1136 1925 1221 1955 erat;
1253 1917 1307 1949 ubi
1329 1924 1499 1960 angustum
1522 1924 1554 1948 et
1576 1918 1779 1959 depressum,
1806 1917 1932 1950 litterae
1959 1919 2005 1950 ita

377 1978 544 2021 eligendae
566 1984 598 2008 et
621 1978 664 2008 ita
688 1975 867 2019 pingendae
889 1982 998 2013 erant,
1027 1982 1061 2006 ut
1089 1985 1183 2006 areae
1213 1974 1380 2016 angustiae
1407 1973 1565 2005 serebant.
1609 1973 1664 2005 Sic
1691 1974 1725 2005 in
1754 1972 1943 2006 Cossuraeis
1963 1974 2003 2010 E.

377 2034 413 2066 F.
436 2034 499 2073 H„
530 2041 565 2064 ut
589 2032 777 2075 impleretur
799 2043 874 2064 area
896 2042 1014 2070 vacua,
1038 2030 1164 2073 Aleph‚
1187 2029 1289 2069 Beth,
1320 2028 1409 2061 Mem
1430 2027 1535 2072 longis
1557 2030 1667 2061 caudis
1690 2031 1830 2061 munitae
1853 2036 1942 2070 sunt,
1969 2031 2004 2063 in

378 2102 476 2124 numo
498 2089 626 2121 Africae
650 2090 770 2121 incerto
799 2087 880 2130 (litt.
903 2087 959 2130 M)
991 2087 1074 2119 Chet
1102 2089 1135 2119 in
1159 2086 1318 2129 duplicem
1344 2084 1579 2128 longitudinem
1600 2093 1805 2129 protensum:
1836 2093 1948 2118 contra
1969 2087 2003 2119 in

380 2148 486 2180 numis
508 2145 670 2184 Sidoniis,
692 2145 748 2177 ubi
764 2146 917 2188 exiguum
934 2151 966 2176 et
980 2145 1165 2187 depressum
1182 2141 1371 2185 epigraphes
1394 2143 1426 2173 in
1449 2140 1561 2174 infimo
1583 2152 1681 2174 numo
1705 2142 1799 2181 (dans
1819 2141 1840 2174 l'
1849 2142 2005 2186 exer-gne)

378 2204 515 2252 spatium
538 2209 623 2241 erat,
644 2201 770 2233 littei-ae
792 2201 957 2244 longiores
980 2200 1032 2232 vel
1055 2200 1205 2239 altiores,
1227 2199 1366 2237 Lamed,
1390 2198 1485 2238 Nun,
1507 2198 1596 2231 Mem
1616 2197 1789 2231 inclinatae
1810 2205 1843 2231 et
1862 2199 2005 2232 iacentes

379 2264 484 2315 potius
506 2263 608 2305 pictae
631 2269 723 2300 sunt,
748 2272 842 2304 quam
862 2268 988 2293 erectae
1011 2269 1118 2302 κ,
1140 2262 1232 2307 ΙἻ,
1255 2259 1355 2316 ΗἿ.
1400 2258 1492 2291 Adde
1522 2258 1612 2291 aliud
1640 2259 1795 2291 eximium
1820 2257 2003 2301 exemplum

380 2323 415 2355 in
435 2323 533 2354 inser.
556 2319 687 2352 Numid.
711 2323 747 2359 6,
770 2319 827 2352 lin.
847 2325 879 2353 4.
902 2320 962 2352 litt.
987 2324 1001 2353 1
1029 2321 1188 2363 (Lamed).

506 2377 654 2420 Denique
683 2378 779 2408 etiam
803 2380 1058 2418 perspaemcmtatae
1086 2377 1195 2409 studio
1217 2374 1372 2409 nonnulla
1393 2381 1516 2407 mutata
1538 2385 1610 2407 esse
1631 2360 1790 2407 videntur.
1833 2372 2004 2416 Postquam

381 2437 467 2468 enim
492 2432 780 2476 tachygraphorum
807 2432 1003 2476 negligentia
1030 2441 1138 2466 vetera
1164 2432 1220 2465 illa
1250 2439 1282 2465 et
1306 2431 1450 2475 legitima
1470 2431 1648 2463 litterarum
1669 2431 1875 2469 discrimina,
1906 2428 2005 2462 veluti
2035 2433 2039 2438 ’

381 2491 558 2536 litterar-uin
582 2489 665 2522 Beth
685 2497 717 2522 et
740 2488 863 2529 Resch‚
893 2488 945 2521 hic
967 2488 1033 2521 illic
1055 2491 1217 2532 perierant
1238 2496 1332 2531 atque
1354 2488 1557 2520 metuendum
1580 2494 1664 2528 erat,
1694 2497 1735 2518 ne
1756 2485 1850 2529 plane
1874 2485 2007 2518 confun-

383 2549 534 2581 derentur
559 2546 640 2578 haec
667 2545 844 2586 elementa,
876 2546 915 2578 de
943 2547 984 2578 iis
1014 2546 1118 2578 denuo
1149 2545 1368 2578 discernendis
1392 2546 1532 2587 cogitare
1554 2550 1738 2586 coeperunt.
1781 2542 1885 2585 Atque
1904 2544 1948 2575 ita
1970 2543 2004 2574 in

383 2619 489 2652 littera
510 2620 618 2653 Revela
639 2620 758 2653 factum
781 2630 854 2653 esse
875 2625 995 2652 certum
1019 2626 1080 2660 est,
1103 2631 1198 2663 quam
1220 2620 1416 2652 recentiores
1439 2604 1497 2675 ἢ
1515 2627 1604 2650 more
1618 2615 1834 2650 Romanorum
1849 2615 2003 2649 scribunt.
