2242 2976
385 282 500 316 xvul
979 277 1448 312 PRAEFATIO.-

386 381 533 426 linguae
546 375 765 412 Phoeniciae
779 375 904 420 imago
920 372 1140 422 habitusque
1154 375 1326 422 cognosci
1340 380 1477 423 posset.
1502 375 1635 423 Itaque
1648 377 1691 413 in
1706 375 1766 412 his
1778 381 1816 412 et
1828 375 2002 424 colligen-

387 445 444 481 dis
462 444 579 479 otium
595 441 751 477 insumsi
766 445 804 475 et
820 437 1054 486 explicandis
1069 439 1261 486 ingenium
1276 441 1446 476 exercui:
1465 441 1653 488 totiusque
1668 441 1897 489 quaestionis
1910 440 2003 478 haec

387 518 536 546 summa
559 506 643 549 fuit,
668 510 711 540 ut
733 503 997 550 intelligerem,
1019 510 1058 540 et
1081 505 1355 541 nobilissimum
1379 504 1501 541 Plauti
1518 505 1642 542 locum
1658 511 1697 542 et
1719 506 1858 553 glossas
1883 506 2003 542 nomi-

388 584 511 621 naque
537 570 691 619 propria
715 568 936 612 Phoenicia,
969 568 1109 605 Punica
1133 575 1173 606 et
1198 568 1398 606 Numidica
1423 581 1501 606 non
1526 570 1640 607 aliam
1665 569 1815 607 dialecti
1839 571 2004 619 speciem

390 639 521 675 offerre
543 646 655 683 quam
678 644 775 681 quae
797 633 838 669 in
862 634 1117 670 monumentis
1134 633 1352 679 baberetur,
1378 640 1579 683 utrumque
1597 635 1710 683 igitur
1723 635 1872 683 linguae
1887 635 2006 673 Phoe-

388 703 509 740 niciae
526 701 670 736 fontem
692 698 837 746 egregie
863 698 1084 735 seinvicem
1100 705 1140 735 et
1155 700 1375 736 confirmare
1396 706 1435 736 et
1454 699 1642 736 illustrare
1667 700 1756 747 (lib.
1771 699 1824 736 1v
1843 698 1876 748 ξ.
1897 699 2003 748 1.3).

389 766 497 811 Quod
521 771 564 801 ut
586 764 700 800 etiam
728 762 807 806 his,
849 763 983 811 quibus
1016 762 1164 810 linguae
1183 763 1316 811 ⁷magis
1342 775 1455 812 quam
1480 765 1688 813 scripturae
1713 765 1877 802 rationes
1900 762 2008 802 cordi

387 838 494 875 sunt,
533 829 582 866 ob
616 828 743 865 oculos
774 839 1021 876 poneremus,
1050 834 1132 865 tum
1163 828 1446 876 grammaticae
1474 828 1624 877 linguae
1649 828 1750 877 loges
1772 840 1825 866 ex
1846 835 2009 877 utroque

387 897 451 933 illo
482 895 587 931 fonte
622 892 820 940 diligenter
853 893 1097 941 exposuimus
1138 893 1225 941 (lib.
1259 893 1330 938 lv,
1363 906 1394 931 c.
1426 893 1495 942 4),
1534 900 1616 932 tum
1653 905 1706 931 ex
1742 894 1814 931 loci
1844 893 2008 931 Plautini
2060 904 2065 908 “

387 959 697 1008 interpretatione
736 957 928 1004 tribusque
947 971 952 977 ·
970 968 1107 994 vocum
1147 957 1465 1006 appellativarum
1499 965 1539 996 et
1566 959 1805 1008 propriarum
1839 957 2009 996 Lexidiis

386 1026 551 1063 indicem
573 1022 802 1059 confecimus
827 1022 916 1069 (qui
939 1033 1097 1058 numero
1113 1022 1231 1071 μίαν
1252 1022 1352 1070 est),
1390 1023 1455 1071 qui
1476 1023 1672 1061 universas
1697 1024 1837 1061 veteris
1857 1023 2008 1071 linguae

387 1102 478 1140 opes
504 1089 733 1131 contineret,
772 1085 813 1123 id
839 1092 896 1123 est
918 1091 1118 1123 sexcentas
1141 1087 1221 1124 fere
1246 1098 1377 1132 voces,
1410 1099 1508 1136 quae
1533 1100 1621 1126 cum
1645 1088 1831 1126 Hebraeis
1856 1099 2007 1138 prorsus

387 1157 465 1194 sere
498 1153 726 1201 conspirant.
804 1150 852 1187 In
893 1151 986 1200 ipsis
1033 1158 1162 1189 autem
1208 1152 1283 1190 illis
1324 1152 1489 1201 reliquiis
1532 1152 1754 1202 philologice
1794 1160 1833 1190 et
1874 1153 2008 1191 -critioe

387 1218 592 1258 tractandis
623 1223 662 1253 et
691 1216 741 1253 ad
773 1215 987 1263 analogiam
1016 1215 1232 1254 Semiticam
1257 1217 1481 1255 revocandis
1506 1228 1638 1262 nemo,
1676 1218 1732 1254 uti
1757 1229 1887 1268 spero,
1924 1217 2008 1255 dili·

388 1286 551 1334 gentiam
582 1289 748 1318 nostram
782 1280 1029 1326 desiderabit,
1068 1287 1107 1318 et
1138 1283 1372 1330 reperientur
1396 1282 1555 1320 fortasse
1578 1284 1620 1320 in
1645 1282 1704 1319 his
1728 1282 2009 1320 commentariis

387 1350 525 1387 nostris
550 1346 650 1383 haud
677 1357 816 1394 pauca,
851 1357 949 1394 quae
975 1352 1055 1382 tum
1075 1346 1210 1383 futuris
1231 1343 1468 1395 quorundam
1485 1347 1709 1395 scn'ptorum
1730 1347 1860 1394 (velut
1875 1344 2013 1391 Plauti,

386 1411 632 1455 Dioscuridis,
667 1410 875 1458 Hesychii)
903 1410 1128 1453 editoribus,
1170 1416 1252 1447 tum
1279 1410 1497 1454 Historicis,
1529 1410 1761 1458 Geograpbis
1783 1417 1825 1461 *et
1846 1410 2007 1448 Latinae

388 1480 536 1525 linguae
563 1474 855 1522 Lexicographis
882 1474 1081 1522 profutura
1111 1474 1199 1510 sint.
1251 1474 1403 1510 Praeter
1423 1474 1590 1521 linguam
1612 1474 1790 1514 Punicam
1812 1475 1852 1511 in
1877 1474 2012 1512 Africa
2081 1479 2090 1483 ‘

388 1544 502 1580 etiam
530 1540 643 1576 aliam
670 1539 832 1585 viguisse
859 1549 910 1574 ex
937 1538 1076 1574 Punica
1099 1543 1138 1573 et
1159 1536 1301 1584 Libyca
1325 1539 1506 1583 mixtam,
1538 1550 1651 1587 quam
1677 1545 1879 1588 propterea
1892 1539 2007 1589 my-

382 1604 627 1658 plmem’ct’am
652 1602 927 1651 appellavimus
942 1627 952 1646 ‚
983 1612 1035 1638 ex
1054 1601 1203 1638 duobus
1229 1603 1309 1639 eius
1332 1604 1587 1640 monumentis
1609 1603 1750 1651 (Plaut.
1774 1603 1887 1658 Poenf
1912 1603 1958 1650 V,
1983 1609 2003 1643 1

387 1683 486 1710 vers.
516 1670 676 1705 11—16
711 1672 750 1703 et
775 1666 884 1702 inscr.
911 1665 1025 1714 Tugg.
1053 1673 1160 1714 parte
1186 1666 1323 1711 altera,
1364 1667 1499 1705 litteris
1523 1667 1674 1715 Libycis
1698 1669 1861 1717 scripta)
1897 1681 2005 1707 mon-

388 1736 609 1777 stravimus,
649 1743 763 1780 quae,
803 1730 890 1768 licet
922 1740 1002 1767 non
1033 1732 1139 1768 omni
1171 1741 1224 1767 ex
1256 1738 1364 1780 parte
1391 1733 1576 1782 explicari
1604 1734 1766 1782 possint,
1800 1740 1930 1771 tamen
1951 1735 2006 1772 ita

389 1797 606 1848 comparata
639 1803 747 1840 sunt,
787 1802 831 1832 ut
858 1797 1013 1832 omnino
1047 1796 1094 1832 de
1130 1796 1280 1843 linguae
1315 1796 1441 1834 indole
1464 1797 1654 1835 iudicium>
1669 1798 1794 1835 facere
1818 1800 2006 1848 possimus

389 1867 448 1914 (v.
465 1877 501 1913 p.
520 1865 603 1900 195.
623 1863 762 1897 196.—
775 1862 859 1897 373.
878 1863 1015 1896 374.-
1023 1863 1098 1897 459
1115 1861 1221 1909 sqq.).
1276 1861 1451 1899 Ceterum
1468 1862 1550 1908 liis,
1569 1874 1666 1911 quae
1683 1863 1778 1900 libro
1799 1871 1932 1912 quarto
1957 1863 2005 1901 de

389 1927 633 1979 grammatica
658 1926 788 1962 Punici
814 1926 996 1961 sermonis
1020 1925 1149 1962 indole
1175 1925 1469 1975 disputavimus,
1502 1927 1538 1963 h.
1563 1927 1588 1963 l.
1612 1939 1734 1976 pauca
1759 1928 1808 1964 de
1829 1929 2013 1974 universo·

389 1993 568 2032 orationis
602 2002 736 2038 genere
769 1989 907 2027 addere
939 1989 1059 2026 liceat.
1118 1988 1226 2034 Quod
1257 1992 1360 2028 enim
1394 2002 1447 2029 ex
1479 1992 1607 2040 paucis
1638 1993 1818 2029 orationis
1842 1993 2005 2030 Punicae

388 2058 552 2107 reliquiis
585 2055 689 2105 apud
721 2061 869 2092 veteres
900 2055 1078 2098 servatis,
1118 2055 1239 2092 veluti
1267 2055 1428 2093 foederis
1459 2056 1559 2093 inter
1582 2057 1727 2093 Poenos
1752 2057 2005 2095 cenomanos

387 2124 505 2161 iuncti
528 2121 666 2158 tabulis
692 2120 843 2166 (Polyb.
873 2122 907 2163 7,
930 2119 996 2167 9),
1033 2119 1155 2167 colligi
1181 2126 1349 2168 poterat,
1390 2130 1562 2157 sermone
1586 2132 1651 2158 eos
1674 2132 1760 2157 usos
1786 2133 1866 2158 esse
1886 2123 2003 2169 gravi,

388 2187 554 2230 tumido,
588 2184 851 2232 grandiloquo,
880 2184 1090 2223 Poenorum
1117 2185 1282 2222 moribus
1308 2184 1610 2230 accommodato,
1644 2185 1835 2234 titulisque
1850 2186 2003 2234 magni·

387 2253 467 2290 ficis
496 2250 701 2288 delectatos
732 2260 832 2293 esse,
872 2248 912 2284 id
945 2249 1064 2285 etiam
1098 2250 1353 2286 monumentis
1386 2250 1525 2289 nostris
1554 2251 1795 2287 confirmatur
1819 2257 2005 2301 quotquot

388 2318 452 2356 vel
473 2316 686 2353 orationem
712 2313 840 2362 paullo
866 2313 1072 2360 longiorem
1092 2320 1134 2350 et
1158 2314 1346 2362 poeticam
1369 2315 1584 2360 continent,
1626 2321 1670 2352 ut
1693 2315 1804 2352 inser.
1829 2314 2004 2362 Erycina,

388 2380 610 2430 Tnggensis,
636 2379 760 2415 Plauti
786 2378 991 2422 canticum,
1026 2378 1090 2415 vel
1114 2385 1214 2415 certe
1241 2379 1390 2416 urbium
1406 2390 1680 2428 regnorumque
1695 2380 2003 2428 itemqueregum

388 2447 517 2485 titulos
555 2444 754 2487 exhibent,
794 2449 837 2479 ut
869 2454 1032 2490 reguum
1062 2449 1263 2480 aeternum
1294 2443 1342 2480 de
1382 2455 1497 2491 regno
1530 2443 1733 2490 Numidiae
1771 2443 1946 2492 (Numid.
1982 2449 2003 2482 1

388 2514 454 2549 lin.
475 2512 542 2558 2¹),
574 2509 710 2545 domus
729 2513 926 2557 perpetua
951 2507 1110 2557 imperii
1130 2508 1178 2544 de
1203 2508 1405 2557 metropoli
1429 2511 1557 2555 (num.
1581 2509 1700 2561 lubae
1724 2510 1819 2546 mim
1843 2521 1881 2558 p.
1907 2511 2003 2558 316)

391 2578 437 2613 al.
468 2576 516 2612 cl'.
532 2573 592 2611 ‚de
618 2584 721 2612 num.
748 2572 864 2609 lubae
891 2573 1045 2609 maioris
1070 2584 1108 2621 p.
1131 2574 1223 2618 314,
1251 2573 1390 2611 ,matris
1415 2574 1570 2611 nomine
1593 2573 1634 2610 in
1659 2573 2010 2612 numia-Phoenices.
2077 2565 2079 2568 ’

389 2641 563 2690 propriae
584 2650 622 2687 p.
644 2640 726 2675 163.
778 2637 940 2675 Videant
958 2638 1070 2685 igitur
1085 2636 1242 2681 cundici,
1266 2638 1366 2674 sitne
1380 2638 1570 2686 peculiare
1584 2637 1677 2674 illud
1692 2639 1872 2676 orationis
1887 2651 2015 2687 genus.
