2242 2976
350 300 354 307 ·
400 286 735 322 INSCRIPTIONES
746 286 1203 321 PUNlco-NUMIDICAE.
1247 287 1353 321 LVII.
1378 287 1603 321 NUMIDICA
1617 288 1765 322 PRIMA.
1817 293 1890 329 201

271 382 419 415 militanti
442 393 498 424 pro
522 380 834 425 Carthaginensibus
858 381 1085 427 [Masinissae]
1109 384 1142 414 in
1161 382 1320 424 Hispania
1336 389 1426 424 pater
1441 384 1472 414 ei
1486 385 1637 415 moritur:
1660 382 1761 415 Galae
1775 395 1891 416 nomen

271 447 340 471 erat
362 442 412 478 24,
422 441 484 479 48)
508 446 539 470 et
562 446 656 470 erunt
673 439 829 479 fortasse,
860 440 915 482 qui
936 439 982 469 ita
1004 438 1171 470 turbentur
1186 438 1247 469 hoc
1262 439 1428 477 dissensu,
1458 446 1493 470 ut
1508 439 1547 470 de
1562 441 1770 482 inscriptione
1786 447 1894 472 nostra

270 496 311 527 ad
331 495 530 537 Hiempsalis
552 503 584 526 et
605 495 799 527 Masinissae
822 494 977 526 familiam
1001 495 1171 526 referenda
1194 494 1402 526 subdubitare
1425 497 1589 537 incipiant.
1635 496 1718 535 Sed,
1750 500 1778 528 si
1800 499 1894 529 modo

270 553 456 584 coniectura
477 563 573 595 supra
596 553 629 583 in
653 551 858 584 Mas-missae
880 552 1009 583 nomine
1033 551 1156 593 prolata
1179 550 1356 594 probabilis
1379 552 1449 583 visa
1471 559 1537 591 est,
1568 554 1601 583 in
1625 552 1684 583 hac
1707 552 1894 585 difficultate

271 619 333 640 non
351 607 485 640 multum
502 606 666 647 haerebit,
689 609 742 650 qui
757 609 951 650 reputaverit
962 630 972 646 ,
996 618 1148 650 persaepe
1164 608 1299 639 eundem
1316 618 1425 650 regem
1441 607 1644 640 hominemve
1659 608 1814 641 illustrem
1829 609 1894 642 alio

270 666 399 696 nomine
423 665 454 696 in
477 666 547 707 ipso
569 675 629 696 suo
651 663 789 706 populo,
831 663 896 695 alio
924 664 1008 706 apud
1029 671 1178 703 exteros,
1217 663 1280 695 alio
1302 665 1336 695 in
1359 665 1424 695 vita
1445 667 1606 696 communi
1629 673 1660 697 et
1682 667 1765 708 apud
1787 678 1894 700 rerum

268 711 457 763 scriptores,
481 720 546 752 alio
566 722 600 752 in
621 722 836 752 monumentis
860 719 996 762 publicis
1019 722 1188 764 insigniri,
1211 722 1257 752 ita
1277 720 1405 763 quidem
1423 727 1455 752 ut
1477 722 1509 752 in
1525 724 1738 753 monumentis
1756 723 1894 765 publicis

268 788 378 809 verum
409 785 440 809 et
467 778 627 809 sincerum
658 788 774 809 nomen
804 784 1005 819 compareat,
1043 779 1076 808 in
1107 778 1173 808 vita
1203 778 1364 808 communi
1395 779 1500 808 au'tem
1529 789 1624 820 saepe
1647 780 1893 821 cognominibus

267 834 336 864 sive
366 833 555 865 honorificis
582 835 652 866 sive
674 832 808 865 ludicris
831 840 863 864 et
886 835 1112 876 ignominiosis
1135 832 1393 875 (Spilznamen,
1416 833 1620 876 sobriquets)
1644 841 1782 866 utantur.
1827 836 1892 875 Sic,

268 896 302 920 ut
330 901 431 932 pauca
462 901 479 921 e
509 889 617 922 multis
642 900 836 929 memorem,
873 891 927 933 qui
957 892 988 922 in
1020 892 1126 922 numis
1156 897 1188 921 et
1216 890 1478 938 inscriptionibus
1508 901 1668 933 nunquam
1698 903 1762 923 non
1794 892 1893 934 Cujus

269 946 393 991 Caesar
423 937 616 989 appellatur,
646 947 678 977 in
704 947 767 977 vita
787 948 948 978 communi
974 947 1129 989 Caligula
1152 955 1352 989 nuncupatus
1375 953 1441 984 est;
1473 947 1685 987 Antoninus,
1719 949 1772 990 qui
1796 948 1892 991 vulgo

269 1002 445 1034 Caracalla
454 1017 465 1043 ‚·
499 1002 702 1034 Ptolemaeus
721 1001 787 1040 IV,
812 1001 908 1044 vulgo
938 1003 1104 1045 Tryphon,
1142 1004 1174 1034 in
1208 1004 1314 1034 numis
1336 1010 1368 1033 et
1389 1004 1651 1045 inscriptionibus
1674 1004 1892 1047 Philopator,-

265 1053 467 1090 Ptolemaeus
498 1058 562 1090 Vll
597 1058 694 1101 vulgo
731 1059 881 1100 Physcon
895 1082 904 1097 ,
943 1061 976 1090 in
1017 1060 1120 1090 uumis
1156 1066 1188 1090 et
1223 1059 1486 1101 inscriptionibus
1522 1059 1713 1103 Euergeta3
1753 1061 1892 1093 Ioannes

268 1114 510 1156 Cltryeortomm
531 1116 563 1146 in
588 1114 681 1147 libris
704 1126 723 1146 a
745 1126 779 1146 se
801 1117 895 1147 editis
917 1115 1081 1147 Ioannes:
1118 1116 1254 1147 eundem
1278 1122 1384 1146 autem
1407 1115 1554 1147 homines
1578 1115 1720 1148 illustres
1742 1117 1892 1159 epithetis

265 1178 296 1202 et
319 1171 565 1214 cognominibus
588 1172 784 1214 insigniendi
807 1182 926 1203 morem
950 1172 1033 1213 apud
1056 1171 1181 1203 Poenos
1213 1171 1306 1203 valde
1338 1173 1488 1203 usitatum
1517 1172 1617 1203 fuisse
1647 1174 1726 1204 satis
1757 1181 1890 1212 constat,

266 1239 296 1259 v.
321 1239 348 1259 c.
372 1227 489 1260 Ἄννων
519 1226 535 1260 ὃ
557 1228 652 1269 μέγας
678 1235 709 1259 et
734 1228 925 1270 Ἀςδρούβας
955 1226 970 1259 ὃ
1002 1227 1108 1270 ἔριφος
1138 1228 1274 1270 Appian.
1298 1228 1375 1259 Pun.
1399 1231 1450 1260 34.
1474 1231 1534 1267 49,
1568 1228 1708 1269 Ἀννίβας
1728 1228 1744 1261 ὁ
1767 1230 1835 1275 ψᾴρ
1859 1240 1891 1263 et

259 1284 408 1326 Ἀμίλχαρ
431 1280 455 1327 ᾧ
479 1285 632 1326 Σαυνίτης
647 1283 808 1325 ἐπώνυμον
823 1281 860 1326 ’ἦν
882 1284 957 1316 ibid.
974 1287 1027 1316 68.
1066 1283 1182 1316 Ἄννων
1200 1282 1216 1316 ὃ
1233 1286 1360 1321 Λεῦκος
1381 1284 1459 1316 ibid.
1478 1295 1546 1326 cap.
1563 1288 1634 1317 108.
1673 1286 1780 1318 Simili
1794 1289 1891 1329 igitur

265 1340 362 1372 modo
387 1340 473 1372 Gala
506 1341 610 1387 (Νξςζξ
626 1342 741 1384 :hm
773 1339 788 1373 ὃ
821 1341 924 1382 σωτήρ
954 1341 1098 1381 vindex)
1130 1340 1291 1382 epitheton
1317 1339 1530 1371 honorificum
1553 1342 1649 1383 primi
1672 1342 1890 1384 Massylorum
1917 1367 1922 1370 »

265 1399 370 1440 regis,
403 1398 530 1439 proprie
553 1383 698 1431 bannum
724 1396 892 1440 appellati,
921 1398 1020 1428 fuisse
1043 1403 1163 1439 potest,
1191 1397 1285 1439 idque
1311 1396 1436 1439 vulgari
1458 1407 1519 1428 usu
1546 1398 1592 1428 ita
1614 1399 1741 1437 tritum,
1774 1406 1808 1430 ut
1831 1400 1891 1431 hoc

265 1452 368 1485 solum
392 1453 546 1485 Romanis
571 1456 795 1486 innotesceret.

392 1543 570 1585 Supersunt
592 1544 717 1576 litterae
741 1545 880 1575 minores
903 1546 935 1575 in
961 1544 1078 1586 angulo
1101 1545 1231 1575 sinistro
1254 1543 1407 1575 inferiore
1430 1543 1545 1586 lapidis
1565 1547 1665 1575 nostri
1688 1547 1890 1587 conspicuae,

265 1606 343 1641 quas
374 1602 519 1631 statuarii
555 1611 670 1632 nomen
702 1611 772 1631 cum
797 1602 898 1639 anni,
939 1612 1000 1642 quo
1031 1600 1112 1642 lapis
1143 1600 1265 1642 positus
1302 1606 1368 1638 est,
1405 1600 1524 1631 indicio
1561 1602 1727 1639 continere
1764 1613 1889 1634 censeo.

264 1655 369 1698 Atque
406 1667 520 1688 nomen
559 1658 685 1700 quidem
723 1658 767 1688 ita
796 1656 967 1699 legendum
1002 1663 1065 1688 est:
1100 1658 1182 1690 '29:37
1212 1665 1247 1698 32
1277 1658 1380 1690 hymn
1413 1657 1613 1695 Hannimul,
1644 1657 1745 1696 filius
1774 1658 1890 1690 Ibalt's.

265 1715 367 1747 ‘uvam
385 1713 570 1745 Hanm'mal
581 1720 628 1745 est
643 1715 662 1744 i.
677 1725 706 1756 q.
729 1713 830 1756 §33:3ng
849 1713 1039 1752 Hannibal,
1062 1723 1103 1744 ex
1119 1720 1195 1744 nota
1212 1715 1442 1755 permutatione
1460 1712 1636 1746 litterarum
1653 1714 1670 1744 b
1686 1721 1718 1744 et
1735 1725 1775 1753 m,
1801 1716 1891 1747 cuius

266 1771 361 1800 etiam
383 1771 416 1800 in
440 1769 569 1801 Punicis
592 1769 691 1801 multa
714 1769 861 1811 exempla
884 1777 1012 1801 exstant
1034 1769 1201 1810 (Bocchus
1224 1771 1245 1802 i.
1271 1782 1301 1812 q.
1323 1770 1482 1806 Mochus;
1520 1769 1666 1801 Bocchar
1688 1772 1709 1801 i.
1727 1782 1756 1813 q.
1779 1781 1889 1814 asama,

266 1825 413 1867 Milcar).
444 1825 650 1857 Vocabulum
674 1835 709 1870 32
731 1826 844 1857 eodem
868 1827 964 1857 modo
986 1827 1141 1868 scriptum
1164 1825 1306 1858 habebas
1324 1826 1379 1857 lin.
1396 1830 1415 1858 3
1432 1834 1513 1858 extr.
1546 1825 1696 1869 Denique
1711 1828 1791 1860 §3⁹:2³
1806 1829 1891 1860 idem

268 1893 382 1914 nomen
399 1893 470 1913 esse
485 1882 609 1913 videtur
627 1882 711 1924 quod
728 1882 801 1916 by:
791 1892 822 1915 :9
838 1881 991 1923 (tumulus
1000 1881 1133 1924 Baahs),
1150 1872 1257 1924 quod*
1248 1894 1282 1914 in
1301 1884 1405 1914 numis
1415 1882 1537 1914 Ciliciis
1553 1882 1641 1914 urbis
1656 1882 1759 1914 locive
1775 1895 1890 1916 nomen

266 1967 334 1997 est,
358 1960 418 1990 nisi
442 1969 499 2000 per
521 1960 745 2001 compendium
769 1960 921 2001 scriptum
946 1966 995 1991 est
1016 1970 1074 2001 pro
1098 1959 1231 1992 '29:5³5-
1276 1957 1326 1990 De
1342 1960 1419 1990 anni
1440 1960 1604 1990 notatione
1619 1959 1758 2003 ambigo.
1772 1938 1886 2017 ‘Q

921 2227 929 2230 ,
979 2080 1181 2218 2²¹2

267 2273 328 2306 Cit.
352 2277 390 2306 13
420 2281 451 2305 et
482 2284 522 2307 :w
557 2273 714 2315 (annum)
745 2274 932 2315 designare3
973 2272 1095 2315 reliqua
1124 2275 1217 2316 signa
1245 2273 1341 2305 cifras
1373 2275 1570 2315 putaverim,
1607 2277 1641 2307 in
1672 2275 1724 2307 his
1755 2274 1890 2318 figuram

264 2028 348 2059 idem
373 2037 443 2058 esse
466 2027 590 2057 videtur
612 2027 694 2068 quod

265 2330 489 2362 semilunarem
514 2331 639 2362 numeri
662 2331 786 2361 denarii
809 2330 953 2371 signum:
976 2328 1097 2371 reliqua
1121 2341 1184 2361 non
1209 2329 1348 2369 definio,
1378 2341 1481 2373 neque
1504 2333 1709 2374 computandi
1735 2333 1891 2363 rationem

265 2387 407 2418 indicare
432 2398 573 2429 possum.

393 2471 444 2503 De
466 2472 579 2515 figuris
602 2471 746 2514 lapidum
771 2470 864 2503 Baali
886 2470 1068 2502 Hammano
1091 2478 1348 2503 consecratorum
1371 2482 1471 2514 pauca
1488 2473 1551 2503 iam
1569 2473 1709 2504 diximus
1726 2484 1796 2514 pag.
1817 2475 1888 2503 171.

269 2527 307 2558 In
331 2535 438 2560 nostro
461 2528 561 2560 habes
582 2529 686 2571 ipsius
709 2529 852 2560 numinis
875 2528 909 2559 in
932 2526 1051 2558 sacello
1075 2528 1212 2569 quodam
1234 2530 1396 2560 constituti
1419 2529 1560 2570 duasque
1576 2528 1762 2560 arbusculas
1781 2536 1890 2560 tenen-

270 2585 310 2615 tis
333 2582 492 2625 effigiem,
521 2587 554 2616 in
571 2586 738 2616 cacumine
753 2583 848 2616 aliam
865 2583 950 2616 Solis
959 2585 1157 2626 {imaginemz
1181 2596 1262 2627 quae
1278 2586 1402 2627 quidem
1420 2584 1571 2615 attributa
1585 2595 1655 2616 cum
1671 2584 1890 2624 inscriptionis

272 2647 459 2682 argusslento
481 2642 599 2682 optillle
622 2648 811 2684 congruunt.

1474 2702 1514 2730 26
