<?xml version="1.0" encoding="UTF-8"?>
<!DOCTYPE html PUBLIC "-//W3C//DTD XHTML 1.0 Transitional//EN"
    "http://www.w3.org/TR/xhtml1/DTD/xhtml1-transitional.dtd">
<html xmlns="http://www.w3.org/1999/xhtml" xml:lang="en" lang="en">
 <head>
  <title>
</title>
<meta http-equiv="Content-Type" content="text/html;charset=utf-8" />
  <meta name='ocr-system' content='tesseract 3.04.00' />
  <meta name='ocr-capabilities' content='ocr_page ocr_carea ocr_par ocr_line ocrx_word'/>
</head>
<body>
  <div class='ocr_page' id='page_1' title='image "./scripturaelingua00geseuoft_0106.png"; bbox 0 0 2242 2976; ppageno 0'>
   <div class='ocr_carea' id='block_1_1' title="bbox 350 270 1910 324">
    <p class='ocr_par' dir='ltr' id='par_1_1' title="bbox 350 270 1910 324">
     <span class='ocr_line' id='line_1_1' title="bbox 350 270 1910 324; baseline 0.001 -8"><span class='ocrx_word' id='word_1_1' title='bbox 350 286 400 321; x_wconf 83' lang='lat'><strong>72</strong></span> <span class='ocrx_word' id='word_1_2' title='bbox 451 283 584 317; x_wconf 85' lang='lat' dir='ltr'>LIBER</span> <span class='ocrx_word' id='word_1_3' title='bbox 607 282 780 315; x_wconf 81' lang='lat' dir='ltr'><strong>PRtMUs.</strong></span> <span class='ocrx_word' id='word_1_4' title='bbox 824 281 1197 315; x_wconf 75' lang='lat' dir='ltr'><strong>PALAEOGRAPHIA</strong></span> <span class='ocrx_word' id='word_1_5' title='bbox 1221 270 1475 316; x_wconf 75' lang='lat' dir='ltr'><strong>PHOENICIA.</strong></span> <span class='ocrx_word' id='word_1_6' title='bbox 1520 283 1668 322; x_wconf 81' lang='lat' dir='ltr'>CAPUT</span> <span class='ocrx_word' id='word_1_7' title='bbox 1688 284 1910 324; x_wconf 75' lang='lat' dir='ltr'><strong>QUINTUM.</strong></span> 
     </span>
    </p>
   </div>
   <div class='ocr_carea' id='block_1_2' title="bbox 353 375 1979 522">
    <p class='ocr_par' dir='ltr' id='par_1_2' title="bbox 353 375 1979 522">
     <span class='ocr_line' id='line_1_2' title="bbox 353 375 1978 422; baseline 0.002 -13"><span class='ocrx_word' id='word_1_8' title='bbox 353 389 455 421; x_wconf 83' lang='lat' dir='ltr'>nuper</span> <span class='ocrx_word' id='word_1_9' title='bbox 478 378 594 409; x_wconf 87' lang='lat' dir='ltr'><strong>meruit</strong></span> <span class='ocrx_word' id='word_1_10' title='bbox 625 378 659 409; x_wconf 83' lang='lat' dir='ltr'><strong>C.</strong></span> <span class='ocrx_word' id='word_1_11' title='bbox 692 377 788 409; x_wconf 61' lang='lat' dir='ltr'><strong>Rich.</strong></span> <span class='ocrx_word' id='word_1_12' title='bbox 810 377 970 418; x_wconf 66' lang='lat' dir='ltr'><strong>Leptin,</strong></span> <span class='ocrx_word' id='word_1_13' title='bbox 1001 377 1042 408; x_wconf 75' lang='lat' dir='ltr'><strong>de</strong></span> <span class='ocrx_word' id='word_1_14' title='bbox 1066 376 1188 409; x_wconf 66' lang='lat' dir='ltr'><strong>tabulis</strong></span> <span class='ocrx_word' id='word_1_15' title='bbox 1208 376 1398 420; x_wconf 68' lang='lat' dir='ltr'><strong>Eugubcncu</strong></span> <span class='ocrx_word' id='word_1_16' title='bbox 1424 375 1591 418; x_wconf 88' lang='lat' dir='ltr'><strong>(Berolini</strong></span> <span class='ocrx_word' id='word_1_17' title='bbox 1612 381 1708 411; x_wconf 76' lang='lat'><strong>183³.</strong></span> <span class='ocrx_word' id='word_1_18' title='bbox 1745 381 1854 422; x_wconf 62' lang='lat'>8)‹*)‚</span> <span class='ocrx_word' id='word_1_19' title='bbox 1886 382 1978 412; x_wconf 82' lang='lat' dir='ltr'><strong>ouius</strong></span> 
     </span>
     <span class='ocr_line' id='line_1_3' title="bbox 354 433 1979 477; baseline 0.002 -11"><span class='ocrx_word' id='word_1_20' title='bbox 354 434 558 477; x_wconf 79' lang='lat' dir='ltr'><strong>alphabetum</strong></span> <span class='ocrx_word' id='word_1_21' title='bbox 588 435 638 476; x_wconf 91' lang='lat' dir='ltr'><strong>(p.</strong></span> <span class='ocrx_word' id='word_1_22' title='bbox 663 437 706 465; x_wconf 80' lang='lat'><strong>43</strong></span> <span class='ocrx_word' id='word_1_23' title='bbox 729 445 797 475; x_wconf 84' lang='lat' dir='ltr'><strong>sqq.</strong></span> <span class='ocrx_word' id='word_1_24' title='bbox 829 444 857 475; x_wconf 91' lang='lat' dir='ltr'><strong>p.</strong></span> <span class='ocrx_word' id='word_1_25' title='bbox 879 434 942 474; x_wconf 84' lang='lat'><strong>73)</strong></span> <span class='ocrx_word' id='word_1_26' title='bbox 974 444 1034 465; x_wconf 89' lang='lat' dir='ltr'><strong>nos</strong></span> <span class='ocrx_word' id='word_1_27' title='bbox 1063 434 1160 465; x_wconf 85' lang='lat' dir='ltr'><strong>etiam</strong></span> <span class='ocrx_word' id='word_1_28' title='bbox 1187 433 1288 471; x_wconf 78' lang='lat' dir='ltr'><strong>secuti</strong></span> <span class='ocrx_word' id='word_1_29' title='bbox 1315 444 1424 465; x_wconf 87' lang='lat' dir='ltr'><strong>sumus</strong></span> <span class='ocrx_word' id='word_1_30' title='bbox 1450 434 1483 464; x_wconf 85' lang='lat' dir='ltr'><strong>in</strong></span> <span class='ocrx_word' id='word_1_31' title='bbox 1511 433 1639 466; x_wconf 83' lang='lat' dir='ltr'><strong>tabulae</strong></span> <span class='ocrx_word' id='word_1_32' title='bbox 1667 441 1794 467; x_wconf 73' lang='lat' dir='ltr'><strong>nostrae</strong></span> <span class='ocrx_word' id='word_1_33' title='bbox 1818 437 1979 469; x_wconf 71' lang='lat' dir='ltr'><strong>secundae</strong></span> 
     </span>
     <span class='ocr_line' id='line_1_4' title="bbox 358 488 1247 522; baseline -0.001 0"><span class='ocrx_word' id='word_1_34' title='bbox 358 490 507 522; x_wconf 86' lang='lat' dir='ltr'><strong>columna</strong></span> <span class='ocrx_word' id='word_1_35' title='bbox 528 492 631 522; x_wconf 82' lang='lat' dir='ltr'><strong>tertia.</strong></span> <span class='ocrx_word' id='word_1_36' title='bbox 675 488 736 520; x_wconf 91' lang='lat' dir='ltr'><strong>Cui</strong></span> <span class='ocrx_word' id='word_1_37' title='bbox 757 488 947 522; x_wconf 79' lang='lat' dir='ltr'><strong>illustrando</strong></span> <span class='ocrx_word' id='word_1_38' title='bbox 970 489 1050 521; x_wconf 79' lang='lat' dir='ltr'><strong>haee</strong></span> <span class='ocrx_word' id='word_1_39' title='bbox 1071 489 1247 521; x_wconf 77' lang='lat' dir='ltr'><strong>sufficiant:</strong></span> 
     </span>
    </p>
   </div>
   <div class='ocr_carea' id='block_1_3' title="bbox 353 558 1980 883">
    <p class='ocr_par' dir='ltr' id='par_1_3' title="bbox 353 558 1980 883">
     <span class='ocr_line' id='line_1_5' title="bbox 484 558 1980 604; baseline 0.003 -14"><span class='ocrx_word' id='word_1_40' title='bbox 484 572 511 591; x_wconf 88' lang='lat' dir='ltr'><strong>a.</strong></span> <span class='ocrx_word' id='word_1_41' title='bbox 554 559 697 591; x_wconf 78' lang='lat' dir='ltr'>Litterae</span> <span class='ocrx_word' id='word_1_42' title='bbox 719 560 854 591; x_wconf 77' lang='lat' dir='ltr'><strong>caninae</strong></span> <span class='ocrx_word' id='word_1_43' title='bbox 877 558 971 591; x_wconf 88' lang='lat' dir='ltr'><strong>binae</strong></span> <span class='ocrx_word' id='word_1_44' title='bbox 987 560 1129 591; x_wconf 77' lang='lat' dir='ltr'><strong>Etruscis</strong></span> <span class='ocrx_word' id='word_1_45' title='bbox 1149 565 1224 591; x_wconf 84' lang='lat' dir='ltr'><strong>sunt</strong></span> <span class='ocrx_word' id='word_1_46' title='bbox 1242 559 1383 602; x_wconf 83' lang='lat' dir='ltr'><strong>figurae,</strong></span> <span class='ocrx_word' id='word_1_47' title='bbox 1404 565 1556 602; x_wconf 89' lang='lat' dir='ltr'><strong>utraeque</strong></span> <span class='ocrx_word' id='word_1_48' title='bbox 1572 570 1614 592; x_wconf 85' lang='lat' dir='ltr'><strong>ex</strong></span> <span class='ocrx_word' id='word_1_49' title='bbox 1627 560 1803 593; x_wconf 85' lang='lat' dir='ltr'><strong>Phoenicia</strong></span> <span class='ocrx_word' id='word_1_50' title='bbox 1822 562 1980 604; x_wconf 83' lang='lat' dir='ltr'><strong>scriptura</strong></span> 
     </span>
     <span class='ocr_line' id='line_1_6' title="bbox 355 614 1979 659; baseline 0.002 -12"><span class='ocrx_word' id='word_1_51' title='bbox 355 616 533 658; x_wconf 87' lang='lat' dir='ltr'><strong>profectae,</strong></span> <span class='ocrx_word' id='word_1_52' title='bbox 569 626 703 658; x_wconf 87' lang='lat' dir='ltr'><strong>quarum</strong></span> <span class='ocrx_word' id='word_1_53' title='bbox 732 617 834 658; x_wconf 89' lang='lat' dir='ltr'><strong>prima</strong></span> <span class='ocrx_word' id='word_1_54' title='bbox 862 614 889 646; x_wconf 82' lang='lat' dir='ltr'><strong>R</strong></span> <span class='ocrx_word' id='word_1_55' title='bbox 921 615 1055 659; x_wconf 86' lang='lat' dir='ltr'><strong>vulgare</strong></span> <span class='ocrx_word' id='word_1_56' title='bbox 1081 616 1255 659; x_wconf 85' lang='lat' dir='ltr'><strong>designans</strong></span> <span class='ocrx_word' id='word_1_57' title='bbox 1283 616 1395 648; x_wconf 89' lang='lat' dir='ltr'><strong>eadem</strong></span> <span class='ocrx_word' id='word_1_58' title='bbox 1432 615 1493 647; x_wconf 90' lang='lat' dir='ltr'><strong>hac</strong></span> <span class='ocrx_word' id='word_1_59' title='bbox 1526 615 1632 648; x_wconf 87' lang='lat' dir='ltr'><strong>littera</strong></span> <span class='ocrx_word' id='word_1_60' title='bbox 1666 618 1700 649; x_wconf 90' lang='lat' dir='ltr'><strong>in</strong></span> <span class='ocrx_word' id='word_1_61' title='bbox 1732 616 1851 650; x_wconf 77' lang='lat' dir='ltr'><strong>tabulis</strong></span> <span class='ocrx_word' id='word_1_62' title='bbox 1880 616 1979 650; x_wconf 76' lang='lat' dir='ltr'><strong>latine</strong></span> 
     </span>
     <span class='ocr_line' id='line_1_7' title="bbox 354 671 1980 716; baseline 0.001 -12"><span class='ocrx_word' id='word_1_63' title='bbox 354 673 480 714; x_wconf 87' lang='lat' dir='ltr'><strong>scriptis</strong></span> <span class='ocrx_word' id='word_1_64' title='bbox 503 682 657 714; x_wconf 85' lang='lat' dir='ltr'><strong>expressa</strong></span> <span class='ocrx_word' id='word_1_65' title='bbox 679 678 746 710; x_wconf 84' lang='lat' dir='ltr'><strong>est,</strong></span> <span class='ocrx_word' id='word_1_66' title='bbox 779 671 880 703; x_wconf 86' lang='lat' dir='ltr'><strong>altera</strong></span> <span class='ocrx_word' id='word_1_67' title='bbox 906 678 1016 704; x_wconf 80' lang='lat' dir='ltr'><strong>eontra</strong></span> <span class='ocrx_word' id='word_1_68' title='bbox 1043 673 1076 704; x_wconf 91' lang='lat' dir='ltr'><strong>in</strong></span> <span class='ocrx_word' id='word_1_69' title='bbox 1103 672 1216 704; x_wconf 89' lang='lat' dir='ltr'><strong>iisdem</strong></span> <span class='ocrx_word' id='word_1_70' title='bbox 1241 672 1365 704; x_wconf 88' lang='lat' dir='ltr'><strong>duabus</strong></span> <span class='ocrx_word' id='word_1_71' title='bbox 1387 671 1504 704; x_wconf 81' lang='lat' dir='ltr'><strong>litteris</strong></span> <span class='ocrx_word' id='word_1_72' title='bbox 1527 671 1580 705; x_wconf 84' lang='lat' dir='ltr'><strong>Rs</strong></span> <span class='ocrx_word' id='word_1_73' title='bbox 1605 674 1766 713; x_wconf 83' lang='lat' dir='ltr'><strong>redditur,</strong></span> <span class='ocrx_word' id='word_1_74' title='bbox 1797 683 1861 706; x_wconf 85' lang='lat' dir='ltr'><strong>nou</strong></span> <span class='ocrx_word' id='word_1_75' title='bbox 1888 675 1980 716; x_wconf 74' lang='lat' dir='ltr'><strong>quast</strong></span> 
     </span>
     <span class='ocr_line' id='line_1_8' title="bbox 354 727 1979 770; baseline 0.002 -11"><span class='ocrx_word' id='word_1_76' title='bbox 354 728 433 759; x_wconf 85' lang='lat' dir='ltr'><strong>duos</strong></span> <span class='ocrx_word' id='word_1_77' title='bbox 454 727 636 760; x_wconf 83' lang='lat' dir='ltr'><strong>hessones</strong></span> <span class='ocrx_word' id='word_1_78' title='bbox 658 729 846 760; x_wconf 89' lang='lat' dir='ltr'><strong>coniunctos</strong></span> <span class='ocrx_word' id='word_1_79' title='bbox 870 728 1019 760; x_wconf 85' lang='lat' dir='ltr'><strong>habuerit</strong></span> <span class='ocrx_word' id='word_1_80' title='bbox 1039 727 1096 760; x_wconf 89' lang='lat' dir='ltr'><strong>illa</strong></span> <span class='ocrx_word' id='word_1_81' title='bbox 1116 727 1234 768; x_wconf 88' lang='lat' dir='ltr'><strong>littera,</strong></span> <span class='ocrx_word' id='word_1_82' title='bbox 1256 729 1314 760; x_wconf 87' lang='lat' dir='ltr'><strong>sed</strong></span> <span class='ocrx_word' id='word_1_83' title='bbox 1332 727 1457 760; x_wconf 79' lang='lat' dir='ltr'><strong>litterae</strong></span> <span class='ocrx_word' id='word_1_84' title='bbox 1477 730 1611 760; x_wconf 88' lang='lat' dir='ltr'><strong>caninae</strong></span> <span class='ocrx_word' id='word_1_85' title='bbox 1631 730 1759 762; x_wconf 84' lang='lat' dir='ltr'><strong>additus</strong></span> <span class='ocrx_word' id='word_1_86' title='bbox 1782 732 1831 762; x_wconf 82' lang='lat' dir='ltr'><strong>est</strong></span> <span class='ocrx_word' id='word_1_87' title='bbox 1853 729 1979 770; x_wconf 73' lang='lat' dir='ltr'><strong>sibilua,</strong></span> 
     </span>
     <span class='ocr_line' id='line_1_9' title="bbox 353 783 1980 830; baseline 0.001 -14"><span class='ocrx_word' id='word_1_88' title='bbox 353 784 437 827; x_wconf 91' lang='lat' dir='ltr'><strong>quod</strong></span> <span class='ocrx_word' id='word_1_89' title='bbox 458 794 556 816; x_wconf 89' lang='lat' dir='ltr'><strong>sonus</strong></span> <span class='ocrx_word' id='word_1_90' title='bbox 579 785 649 816; x_wconf 88' lang='lat' dir='ltr'><strong>eius</strong></span> <span class='ocrx_word' id='word_1_91' title='bbox 672 783 800 816; x_wconf 82' lang='lat' dir='ltr'><strong>blaesus</strong></span> <span class='ocrx_word' id='word_1_92' title='bbox 823 785 863 816; x_wconf 91' lang='lat' dir='ltr'><strong>ad</strong></span> <span class='ocrx_word' id='word_1_93' title='bbox 884 783 1014 816; x_wconf 82' lang='lat' dir='ltr'><strong>sibilum</strong></span> <span class='ocrx_word' id='word_1_94' title='bbox 1036 795 1135 828; x_wconf 81' lang='lat' dir='ltr'>prope</span> <span class='ocrx_word' id='word_1_95' title='bbox 1154 784 1328 817; x_wconf 75' lang='lat' dir='ltr'><strong>accedebat</strong></span> <span class='ocrx_word' id='word_1_96' title='bbox 1351 784 1460 827; x_wconf 79' lang='lat' dir='ltr'><strong>(Leps.</strong></span> <span class='ocrx_word' id='word_1_97' title='bbox 1476 795 1507 827; x_wconf 91' lang='lat' dir='ltr'><strong>p.</strong></span> <span class='ocrx_word' id='word_1_98' title='bbox 1522 787 1566 817; x_wconf 75' lang='lat'><strong>4⁷</strong></span> <span class='ocrx_word' id='word_1_99' title='bbox 1580 789 1676 828; x_wconf 84' lang='lat' dir='ltr'><strong>sqq.),</strong></span> <span class='ocrx_word' id='word_1_100' title='bbox 1696 786 1729 818; x_wconf 86' lang='lat' dir='ltr'><strong>id</strong></span> <span class='ocrx_word' id='word_1_101' title='bbox 1746 787 1828 829; x_wconf 84' lang='lat' dir='ltr'><strong>quod</strong></span> <span class='ocrx_word' id='word_1_102' title='bbox 1850 785 1980 830; x_wconf 75' lang='lat' dir='ltr'><strong>egregio</strong></span> 
     </span>
     <span class='ocr_line' id='line_1_10' title="bbox 353 836 1951 883; baseline 0.001 -11"><span class='ocrx_word' id='word_1_103' title='bbox 353 838 531 872; x_wconf 86' lang='lat' dir='ltr'><strong>illustratur</strong></span> <span class='ocrx_word' id='word_1_104' title='bbox 550 839 700 883; x_wconf 81' lang='lat' dir='ltr'><strong>analogia</strong></span> <span class='ocrx_word' id='word_1_105' title='bbox 724 839 849 871; x_wconf 77' lang='lat' dir='ltr'>litterae</span> <span class='ocrx_word' id='word_1_106' title='bbox 875 840 1043 883; x_wconf 88' lang='lat' dir='ltr'><strong>polonicae</strong></span> <span class='ocrx_word' id='word_1_107' title='bbox 1068 852 1117 873; x_wconf 73' lang='lat' dir='ltr'><strong>rx.</strong></span> <span class='ocrx_word' id='word_1_108' title='bbox 1789 837 1792 839; x_wconf 47' lang='grc'><strong><em>’</em></strong></span> <span class='ocrx_word' id='word_1_109' title='bbox 1938 836 1951 852; x_wconf 63' lang='grc'><em>”</em></span> 
     </span>
    </p>
   </div>
   <div class='ocr_carea' id='block_1_4' title="bbox 352 908 1979 1118">
    <p class='ocr_par' dir='ltr' id='par_1_4' title="bbox 352 908 1979 1118">
     <span class='ocr_line' id='line_1_11' title="bbox 480 908 1979 975; baseline 0 -21"><span class='ocrx_word' id='word_1_110' title='bbox 480 922 509 954; x_wconf 91' lang='lat' dir='ltr'><strong>b.</strong></span> <span class='ocrx_word' id='word_1_111' title='bbox 553 921 723 954; x_wconf 84' lang='lat' dir='ltr'><strong>Sibilantia</strong></span> <span class='ocrx_word' id='word_1_112' title='bbox 740 923 773 953; x_wconf 90' lang='lat' dir='ltr'><strong>in</strong></span> <span class='ocrx_word' id='word_1_113' title='bbox 790 920 984 954; x_wconf 87' lang='lat' dir='ltr'><strong>Umbrorum</strong></span> <span class='ocrx_word' id='word_1_114' title='bbox 1000 924 1158 965; x_wconf 86' lang='lat' dir='ltr'><strong>scriptura</strong></span> <span class='ocrx_word' id='word_1_115' title='bbox 1175 923 1236 954; x_wconf 87' lang='lat' dir='ltr'><strong>tria</strong></span> <span class='ocrx_word' id='word_1_116' title='bbox 1255 930 1344 955; x_wconf 89' lang='lat' dir='ltr'><strong>sunt:</strong></span> <span class='ocrx_word' id='word_1_117' title='bbox 1392 914 1446 975; x_wconf 71' lang='lat' dir='ltr'>z</span> <span class='ocrx_word' id='word_1_118' title='bbox 1484 922 1569 964; x_wconf 85' lang='lat' dir='ltr'><strong>quod</strong></span> <span class='ocrx_word' id='word_1_119' title='bbox 1584 922 1617 954; x_wconf 92' lang='lat' dir='ltr'><strong>in</strong></span> <span class='ocrx_word' id='word_1_120' title='bbox 1635 920 1768 954; x_wconf 86' lang='lat' dir='ltr'><strong>Graecis</strong></span> <span class='ocrx_word' id='word_1_121' title='bbox 1786 928 1818 954; x_wconf 87' lang='lat' dir='ltr'><strong>et</strong></span> <span class='ocrx_word' id='word_1_122' title='bbox 1835 908 1979 974; x_wconf 61' lang='lat' dir='ltr'><strong>Etruscis</strong></span> 
     </span>
     <span class='ocr_line' id='line_1_12' title="bbox 354 986 1977 1072; baseline 0 -42"><span class='ocrx_word' id='word_1_123' title='bbox 354 1011 373 1030; x_wconf 88' lang='grc' dir='ltr'>σ</span> <span class='ocrx_word' id='word_1_124' title='bbox 395 998 526 1042; x_wconf 79' lang='lat' dir='ltr'><strong>vulgare</strong></span> <span class='ocrx_word' id='word_1_125' title='bbox 550 1009 623 1030; x_wconf 82' lang='lat' dir='ltr'><strong>esse</strong></span> <span class='ocrx_word' id='word_1_126' title='bbox 652 999 810 1037; x_wconf 83' lang='lat' dir='ltr'><strong>vidimus,</strong></span> <span class='ocrx_word' id='word_1_127' title='bbox 844 998 901 1030; x_wconf 74' lang='lat' dir='ltr'><strong>sed</strong></span> <span class='ocrx_word' id='word_1_128' title='bbox 923 997 1131 1041; x_wconf 64' lang='lat' dir='ltr'><strong>probabiliter</strong></span> <span class='ocrx_word' id='word_1_129' title='bbox 1152 1009 1196 1031; x_wconf 81' lang='lat' dir='ltr'><strong>ex</strong></span> <span class='ocrx_word' id='word_1_130' title='bbox 1218 998 1300 1031; x_wconf 87' lang='lat' dir='ltr'><strong>Zain</strong></span> <span class='ocrx_word' id='word_1_131' title='bbox 1324 1007 1448 1038; x_wconf 89' lang='lat' dir='ltr'><strong>ortum;</strong></span> <span class='ocrx_word' id='word_1_132' title='bbox 1481 986 1539 1072; x_wconf 88' lang='lat' dir='ltr'>ss</span> <span class='ocrx_word' id='word_1_133' title='bbox 1571 1000 1654 1042; x_wconf 87' lang='lat' dir='ltr'><strong>quod</strong></span> <span class='ocrx_word' id='word_1_134' title='bbox 1669 1009 1734 1031; x_wconf 86' lang='lat' dir='ltr'><strong>non</strong></span> <span class='ocrx_word' id='word_1_135' title='bbox 1748 1009 1782 1039; x_wconf 87' lang='lat' dir='ltr'><strong>x,</strong></span> <span class='ocrx_word' id='word_1_136' title='bbox 1797 999 1855 1032; x_wconf 75' lang='lat' dir='ltr'><strong>sed</strong></span> <span class='ocrx_word' id='word_1_137' title='bbox 1867 998 1977 1031; x_wconf 83' lang='lat' dir='ltr'><strong>itidem</strong></span> 
     </span>
     <span class='ocr_line' id='line_1_13' title="bbox 352 1072 1978 1118; baseline 0 -11"><span class='ocrx_word' id='word_1_138' title='bbox 352 1086 367 1107; x_wconf 86' lang='lat' dir='ltr'><strong>s</strong></span> <span class='ocrx_word' id='word_1_139' title='bbox 388 1085 460 1107; x_wconf 83' lang='lat' dir='ltr'><strong>esse</strong></span> <span class='ocrx_word' id='word_1_140' title='bbox 480 1075 618 1107; x_wconf 79' lang='lat' dir='ltr'><strong>ostendit</strong></span> <span class='ocrx_word' id='word_1_141' title='bbox 639 1074 776 1117; x_wconf 88' lang='lat' dir='ltr'><strong>Lepsius</strong></span> <span class='ocrx_word' id='word_1_142' title='bbox 792 1072 815 1108; x_wconf 81' lang='lat' dir='ltr'><strong>l.</strong></span> <span class='ocrx_word' id='word_1_143' title='bbox 830 1085 858 1106; x_wconf 88' lang='lat' dir='ltr'><strong>c.</strong></span> <span class='ocrx_word' id='word_1_144' title='bbox 880 1085 910 1118; x_wconf 89' lang='lat' dir='ltr'><strong>p.</strong></span> <span class='ocrx_word' id='word_1_145' title='bbox 925 1076 1079 1112; x_wconf 80' lang='lat'><strong>59—653</strong></span> <span class='ocrx_word' id='word_1_146' title='bbox 1112 1081 1146 1107; x_wconf 84' lang='lat' dir='ltr'><strong>et</strong></span> <span class='ocrx_word' id='word_1_147' title='bbox 1167 1077 1190 1111; x_wconf 85' lang='lat' dir='ltr'><strong>d</strong></span> <span class='ocrx_word' id='word_1_148' title='bbox 1212 1076 1297 1118; x_wconf 86' lang='lat' dir='ltr'><strong>quod</strong></span> <span class='ocrx_word' id='word_1_149' title='bbox 1323 1077 1357 1108; x_wconf 91' lang='lat' dir='ltr'><strong>in</strong></span> <span class='ocrx_word' id='word_1_150' title='bbox 1380 1076 1497 1109; x_wconf 87' lang='lat' dir='ltr'><strong>tabulis</strong></span> <span class='ocrx_word' id='word_1_151' title='bbox 1521 1076 1619 1108; x_wconf 89' lang='lat' dir='ltr'><strong>latine</strong></span> <span class='ocrx_word' id='word_1_152' title='bbox 1640 1076 1765 1118; x_wconf 85' lang='lat' dir='ltr'><strong>scriptis</strong></span> <span class='ocrx_word' id='word_1_153' title='bbox 1793 1075 1855 1107; x_wconf 86' lang='lat' dir='ltr'><strong>bac</strong></span> <span class='ocrx_word' id='word_1_154' title='bbox 1872 1074 1978 1118; x_wconf 75' lang='lat' dir='ltr'><strong>figura</strong></span> 
     </span>
    </p>
   </div>
   <div class='ocr_carea' id='block_1_5' title="bbox 350 1123 1976 1209">
    <p class='ocr_par' dir='ltr' id='par_1_5' title="bbox 350 1123 1976 1209">
     <span class='ocr_line' id='line_1_14' title="bbox 350 1123 1976 1209; baseline 0 -27"><span class='ocrx_word' id='word_1_155' title='bbox 350 1150 383 1182; x_wconf 73' lang='lat' dir='ltr'><strong>&#39;S</strong></span> <span class='ocrx_word' id='word_1_156' title='bbox 411 1152 610 1195; x_wconf 83' lang='lat' dir='ltr'><strong>exprimitur.</strong></span> <span class='ocrx_word' id='word_1_157' title='bbox 651 1150 702 1183; x_wconf 88' lang='lat' dir='ltr'><strong>De</strong></span> <span class='ocrx_word' id='word_1_158' title='bbox 731 1150 855 1183; x_wconf 88' lang='lat' dir='ltr'><strong>duobus</strong></span> <span class='ocrx_word' id='word_1_159' title='bbox 876 1151 1108 1194; x_wconf 69' lang='lat' dir='ltr'><strong>posterioribus</strong></span> <span class='ocrx_word' id='word_1_160' title='bbox 1131 1159 1238 1185; x_wconf 88' lang='lat' dir='ltr'><strong>autem</strong></span> <span class='ocrx_word' id='word_1_161' title='bbox 1262 1154 1308 1185; x_wconf 88' lang='lat' dir='ltr'><strong>ita</strong></span> <span class='ocrx_word' id='word_1_162' title='bbox 1336 1154 1446 1186; x_wconf 79' lang='lat' dir='ltr'><strong>statuit</strong></span> <span class='ocrx_word' id='word_1_163' title='bbox 1473 1153 1628 1197; x_wconf 84' lang='lat' dir='ltr'><strong>Lepsius,</strong></span> <span class='ocrx_word' id='word_1_164' title='bbox 1667 1160 1702 1185; x_wconf 90' lang='lat' dir='ltr'><strong>ut</strong></span> <span class='ocrx_word' id='word_1_165' title='bbox 1738 1123 1799 1209; x_wconf 86' lang='lat' dir='ltr'>ss</span> <span class='ocrx_word' id='word_1_166' title='bbox 1824 1162 1867 1184; x_wconf 84' lang='lat' dir='ltr'><strong>ex</strong></span> <span class='ocrx_word' id='word_1_167' title='bbox 1888 1149 1976 1184; x_wconf 84' lang='lat' dir='ltr'><strong>Zade</strong></span> 
     </span>
    </p>
   </div>
   <div class='ocr_carea' id='block_1_6' title="bbox 351 1227 1978 1334">
    <p class='ocr_par' dir='ltr' id='par_1_6' title="bbox 351 1227 1978 1334">
     <span class='ocr_line' id='line_1_15' title="bbox 351 1227 1977 1282; baseline 0.001 -19"><span class='ocrx_word' id='word_1_168' title='bbox 351 1231 548 1265; x_wconf 83' lang='lat' dir='ltr'><strong>Phoenicum</strong></span> <span class='ocrx_word' id='word_1_169' title='bbox 571 1241 603 1266; x_wconf 85' lang='lat' dir='ltr'><strong>et</strong></span> <span class='ocrx_word' id='word_1_170' title='bbox 623 1243 739 1276; x_wconf 86' lang='lat' dir='ltr'><strong>graeco</strong></span> <span class='ocrx_word' id='word_1_171' title='bbox 764 1227 814 1278; x_wconf 62' lang='grc' dir='ltr'><strong>ΞΕ</strong></span> <span class='ocrx_word' id='word_1_172' title='bbox 836 1232 923 1265; x_wconf 78' lang='lat' dir='ltr'><strong>Zeta</strong></span> <span class='ocrx_word' id='word_1_173' title='bbox 944 1240 1050 1265; x_wconf 85' lang='lat' dir='ltr'><strong>ortum</strong></span> <span class='ocrx_word' id='word_1_174' title='bbox 1076 1233 1257 1273; x_wconf 84' lang='lat' dir='ltr'><strong>existimet,</strong></span> <span class='ocrx_word' id='word_1_175' title='bbox 1291 1235 1323 1282; x_wconf 84' lang='lat' dir='ltr'>d</span> <span class='ocrx_word' id='word_1_176' title='bbox 1364 1245 1437 1267; x_wconf 91' lang='lat' dir='ltr'><strong>cum</strong></span> <span class='ocrx_word' id='word_1_177' title='bbox 1461 1235 1598 1268; x_wconf 86' lang='lat' dir='ltr'><strong>Samech</strong></span> <span class='ocrx_word' id='word_1_178' title='bbox 1618 1235 1752 1281; x_wconf 81' lang='lat' dir='ltr'><strong>eiusque</strong></span> <span class='ocrx_word' id='word_1_179' title='bbox 1771 1233 1876 1276; x_wconf 78' lang='lat' dir='ltr'><strong>figura</strong></span> <span class='ocrx_word' id='word_1_180' title='bbox 1901 1243 1977 1275; x_wconf 84' lang='lat' dir='ltr'><strong>qua-</strong></span> 
     </span>
     <span class='ocr_line' id='line_1_16' title="bbox 353 1288 1978 1334; baseline 0.001 -15"><span class='ocrx_word' id='word_1_181' title='bbox 353 1288 444 1321; x_wconf 82' lang='lat' dir='ltr'><strong>drata</strong></span> <span class='ocrx_word' id='word_1_182' title='bbox 469 1298 488 1323; x_wconf 75' lang='grc' dir='ltr'><strong>ο</strong></span> <span class='ocrx_word' id='word_1_183' title='bbox 511 1295 675 1332; x_wconf 85' lang='lat' dir='ltr'><strong>comparet</strong></span> <span class='ocrx_word' id='word_1_184' title='bbox 698 1289 740 1332; x_wconf 89' lang='lat' dir='ltr'><strong>(p.</strong></span> <span class='ocrx_word' id='word_1_185' title='bbox 758 1292 798 1322; x_wconf 83' lang='grc'><strong>58</strong></span> <span class='ocrx_word' id='word_1_186' title='bbox 814 1290 914 1332; x_wconf 81' lang='lat' dir='ltr'><strong>sqq.):</strong></span> <span class='ocrx_word' id='word_1_187' title='bbox 937 1290 1021 1332; x_wconf 84' lang='lat' dir='ltr'><strong>quod</strong></span> <span class='ocrx_word' id='word_1_188' title='bbox 1043 1290 1170 1331; x_wconf 86' lang='lat' dir='ltr'><strong>quidem</strong></span> <span class='ocrx_word' id='word_1_189' title='bbox 1192 1297 1360 1334; x_wconf 87' lang='lat' dir='ltr'><strong>utrumque</strong></span> <span class='ocrx_word' id='word_1_190' title='bbox 1382 1290 1462 1323; x_wconf 86' lang='lat' dir='ltr'><strong>mihi</strong></span> <span class='ocrx_word' id='word_1_191' title='bbox 1484 1302 1547 1324; x_wconf 88' lang='lat' dir='ltr'><strong>non</strong></span> <span class='ocrx_word' id='word_1_192' title='bbox 1567 1292 1736 1334; x_wconf 78' lang='lat' dir='ltr'><strong>persuasit.</strong></span> <span class='ocrx_word' id='word_1_193' title='bbox 1779 1289 1828 1322; x_wconf 79' lang='lat' dir='ltr'><strong>Ac</strong></span> <span class='ocrx_word' id='word_1_194' title='bbox 1841 1290 1978 1332; x_wconf 81' lang='lat' dir='ltr'><strong>primum</strong></span> 
     </span>
    </p>
   </div>
   <div class='ocr_carea' id='block_1_7' title="bbox 364 1349 1976 1431">
    <p class='ocr_par' dir='ltr' id='par_1_7' title="bbox 364 1349 1976 1431">
     <span class='ocr_line' id='line_1_17' title="bbox 364 1349 1976 1431; baseline -0.001 -33"><span class='ocrx_word' id='word_1_195' title='bbox 364 1350 421 1431; x_wconf 84' lang='lat' dir='ltr'>ss</span> <span class='ocrx_word' id='word_1_196' title='bbox 452 1378 472 1398; x_wconf 88' lang='lat' dir='ltr'><strong>a</strong></span> <span class='ocrx_word' id='word_1_197' title='bbox 499 1365 671 1409; x_wconf 85' lang='lat' dir='ltr'><strong>phoenicio</strong></span> <span class='ocrx_word' id='word_1_198' title='bbox 701 1364 789 1398; x_wconf 85' lang='lat' dir='ltr'><strong>Zade</strong></span> <span class='ocrx_word' id='word_1_199' title='bbox 819 1366 998 1408; x_wconf 78' lang='lat' dir='ltr'><strong>profectum</strong></span> <span class='ocrx_word' id='word_1_200' title='bbox 1027 1377 1099 1398; x_wconf 85' lang='lat' dir='ltr'><strong>esse</strong></span> <span class='ocrx_word' id='word_1_201' title='bbox 1128 1368 1207 1398; x_wconf 84' lang='lat' dir='ltr'><strong>satis</strong></span> <span class='ocrx_word' id='word_1_202' title='bbox 1235 1366 1389 1399; x_wconf 85' lang='lat' dir='ltr'><strong>credibile</strong></span> <span class='ocrx_word' id='word_1_203' title='bbox 1418 1367 1519 1399; x_wconf 83' lang='lat' dir='ltr'><strong>videri</strong></span> <span class='ocrx_word' id='word_1_204' title='bbox 1547 1368 1665 1410; x_wconf 81' lang='lat' dir='ltr'><strong>possit,</strong></span> <span class='ocrx_word' id='word_1_205' title='bbox 1694 1367 1725 1398; x_wconf 85' lang='lat' dir='ltr'><strong>si</strong></span> <span class='ocrx_word' id='word_1_206' title='bbox 1751 1365 1846 1398; x_wconf 87' lang='lat' dir='ltr'><strong>modo</strong></span> <span class='ocrx_word' id='word_1_207' title='bbox 1875 1349 1976 1398; x_wconf 78' lang='lat' dir='ltr'><strong>ullum</strong></span> 
     </span>
    </p>
   </div>
   <div class='ocr_carea' id='block_1_8' title="bbox 351 1441 1989 1823">
    <p class='ocr_par' dir='ltr' id='par_1_8' title="bbox 351 1441 1989 1823">
     <span class='ocr_line' id='line_1_18' title="bbox 351 1441 1977 1488; baseline -0.001 -12"><span class='ocrx_word' id='word_1_208' title='bbox 351 1445 447 1487; x_wconf 91' lang='lat' dir='ltr'><strong>idque</strong></span> <span class='ocrx_word' id='word_1_209' title='bbox 476 1450 596 1474; x_wconf 88' lang='lat' dir='ltr'><strong>certum</strong></span> <span class='ocrx_word' id='word_1_210' title='bbox 636 1441 730 1474; x_wconf 86' lang='lat' dir='ltr'><strong>huius</strong></span> <span class='ocrx_word' id='word_1_211' title='bbox 767 1441 893 1474; x_wconf 76' lang='lat' dir='ltr'><strong>litterae</strong></span> <span class='ocrx_word' id='word_1_212' title='bbox 929 1443 1099 1485; x_wconf 79' lang='lat' dir='ltr'><strong>vestigium</strong></span> <span class='ocrx_word' id='word_1_213' title='bbox 1134 1444 1168 1475; x_wconf 88' lang='lat' dir='ltr'><strong>in</strong></span> <span class='ocrx_word' id='word_1_214' title='bbox 1206 1450 1349 1476; x_wconf 86' lang='lat' dir='ltr'><strong>veterum</strong></span> <span class='ocrx_word' id='word_1_215' title='bbox 1387 1443 1584 1476; x_wconf 84' lang='lat' dir='ltr'><strong>Graecorum</strong></span> <span class='ocrx_word' id='word_1_216' title='bbox 1622 1442 1803 1476; x_wconf 83' lang='lat' dir='ltr'><strong>litteratura</strong></span> <span class='ocrx_word' id='word_1_217' title='bbox 1837 1443 1977 1488; x_wconf 82' lang='lat' dir='ltr'><strong>inveniri</strong></span> 
     </span>
     <span class='ocr_line' id='line_1_19' title="bbox 354 1497 1975 1542; baseline 0.001 -11"><span class='ocrx_word' id='word_1_218' title='bbox 354 1501 453 1542; x_wconf 89' lang='lat' dir='ltr'><strong>possit</strong></span> <span class='ocrx_word' id='word_1_219' title='bbox 485 1499 535 1541; x_wconf 81' lang='lat'><strong>(§.</strong></span> <span class='ocrx_word' id='word_1_220' title='bbox 562 1501 623 1536; x_wconf 88' lang='lat'><strong>46,</strong></span> <span class='ocrx_word' id='word_1_221' title='bbox 655 1499 712 1540; x_wconf 82' lang='lat'><strong>3):</strong></span> <span class='ocrx_word' id='word_1_222' title='bbox 751 1497 813 1530; x_wconf 87' lang='lat' dir='ltr'><strong>hoc</strong></span> <span class='ocrx_word' id='word_1_223' title='bbox 842 1509 917 1530; x_wconf 84' lang='lat' dir='ltr'><strong>vero</strong></span> <span class='ocrx_word' id='word_1_224' title='bbox 949 1500 1052 1540; x_wconf 88' lang='lat' dir='ltr'><strong>posito</strong></span> <span class='ocrx_word' id='word_1_225' title='bbox 1087 1498 1193 1542; x_wconf 79' lang='lat' dir='ltr'><strong>figura</strong></span> <span class='ocrx_word' id='word_1_226' title='bbox 1221 1502 1356 1542; x_wconf 85' lang='lat' dir='ltr'><strong>repetita</strong></span> <span class='ocrx_word' id='word_1_227' title='bbox 1385 1511 1458 1532; x_wconf 84' lang='lat' dir='ltr'><strong>esse</strong></span> <span class='ocrx_word' id='word_1_228' title='bbox 1489 1510 1554 1532; x_wconf 86' lang='lat' dir='ltr'><strong>non</strong></span> <span class='ocrx_word' id='word_1_229' title='bbox 1582 1506 1686 1542; x_wconf 83' lang='lat' dir='ltr'><strong>potest</strong></span> <span class='ocrx_word' id='word_1_230' title='bbox 1714 1510 1734 1531; x_wconf 88' lang='lat' dir='ltr'><strong>a</strong></span> <span class='ocrx_word' id='word_1_231' title='bbox 1762 1498 1860 1538; x_wconf 85' lang='lat' dir='ltr'><strong>Zeta,</strong></span> <span class='ocrx_word' id='word_1_232' title='bbox 1890 1498 1975 1542; x_wconf 79' lang='lat' dir='ltr'><strong>quod</strong></span> 
     </span>
     <span class='ocr_line' id='line_1_20' title="bbox 353 1545 1986 1596; baseline -0.002 -8"><span class='ocrx_word' id='word_1_233' title='bbox 353 1568 373 1588; x_wconf 91' lang='lat' dir='ltr'><strong>a</strong></span> <span class='ocrx_word' id='word_1_234' title='bbox 394 1554 481 1587; x_wconf 85' lang='lat' dir='ltr'><strong>Zade</strong></span> <span class='ocrx_word' id='word_1_235' title='bbox 505 1553 598 1596; x_wconf 90' lang='lat' dir='ltr'><strong>plane</strong></span> <span class='ocrx_word' id='word_1_236' title='bbox 621 1554 782 1585; x_wconf 80' lang='lat' dir='ltr'><strong>diversum</strong></span> <span class='ocrx_word' id='word_1_237' title='bbox 805 1564 876 1585; x_wconf 85' lang='lat' dir='ltr'><strong>esse</strong></span> <span class='ocrx_word' id='word_1_238' title='bbox 899 1554 1046 1586; x_wconf 82' lang='lat' dir='ltr'><strong>vidimus.</strong></span> <span class='ocrx_word' id='word_1_239' title='bbox 1090 1554 1194 1587; x_wconf 90' lang='lat' dir='ltr'><strong>Multo</strong></span> <span class='ocrx_word' id='word_1_240' title='bbox 1217 1564 1323 1588; x_wconf 87' lang='lat' dir='ltr'><strong>autem</strong></span> <span class='ocrx_word' id='word_1_241' title='bbox 1345 1557 1452 1588; x_wconf 86' lang='lat' dir='ltr'><strong>minus</strong></span> <span class='ocrx_word' id='word_1_242' title='bbox 1473 1559 1496 1592; x_wconf 89' lang='lat' dir='ltr'><strong>d</strong></span> <span class='ocrx_word' id='word_1_243' title='bbox 1513 1557 1554 1588; x_wconf 90' lang='lat' dir='ltr'><strong>ad</strong></span> <span class='ocrx_word' id='word_1_244' title='bbox 1572 1565 1592 1590; x_wconf 75' lang='grc' dir='ltr'>ο</span> <span class='ocrx_word' id='word_1_245' title='bbox 1615 1556 1838 1589; x_wconf 83' lang='lat' dir='ltr'><strong>Hebraeorum</strong></span> <span class='ocrx_word' id='word_1_246' title='bbox 1861 1545 1986 1587; x_wconf 77' lang='lat' dir='ltr'><strong>referri</strong></span> 
     </span>
     <span class='ocr_line' id='line_1_21' title="bbox 354 1609 1975 1656; baseline -0.001 -13"><span class='ocrx_word' id='word_1_247' title='bbox 354 1617 474 1654; x_wconf 83' lang='lat' dir='ltr'><strong>potest,</strong></span> <span class='ocrx_word' id='word_1_248' title='bbox 513 1609 596 1652; x_wconf 87' lang='lat' dir='ltr'><strong>quod</strong></span> <span class='ocrx_word' id='word_1_249' title='bbox 628 1616 692 1641; x_wconf 85' lang='lat' dir='ltr'><strong>tam</strong></span> <span class='ocrx_word' id='word_1_250' title='bbox 721 1611 859 1641; x_wconf 86' lang='lat' dir='ltr'><strong>recentis</strong></span> <span class='ocrx_word' id='word_1_251' title='bbox 890 1611 1004 1641; x_wconf 86' lang='lat' dir='ltr'><strong>aetatis</strong></span> <span class='ocrx_word' id='word_1_252' title='bbox 1034 1617 1065 1642; x_wconf 88' lang='lat' dir='ltr'><strong>et</strong></span> <span class='ocrx_word' id='word_1_253' title='bbox 1095 1611 1220 1644; x_wconf 85' lang='lat' dir='ltr'><strong>duobus</strong></span> <span class='ocrx_word' id='word_1_254' title='bbox 1250 1612 1392 1644; x_wconf 86' lang='lat' dir='ltr'><strong>tribusve</strong></span> <span class='ocrx_word' id='word_1_255' title='bbox 1421 1613 1549 1645; x_wconf 90' lang='lat' dir='ltr'><strong>demum</strong></span> <span class='ocrx_word' id='word_1_256' title='bbox 1581 1620 1653 1656; x_wconf 83' lang='lat' dir='ltr'><strong>post</strong></span> <span class='ocrx_word' id='word_1_257' title='bbox 1682 1612 1757 1644; x_wconf 89' lang='lat' dir='ltr'><strong>Chr.</strong></span> <span class='ocrx_word' id='word_1_258' title='bbox 1785 1609 1903 1643; x_wconf 87' lang='lat' dir='ltr'><strong>seculis</strong></span> <span class='ocrx_word' id='word_1_259' title='bbox 1933 1619 1975 1642; x_wconf 84' lang='lat' dir='ltr'><strong>ex</strong></span> 
     </span>
     <span class='ocr_line' id='line_1_22' title="bbox 353 1666 1974 1710; baseline 0 -11"><span class='ocrx_word' id='word_1_260' title='bbox 353 1667 543 1707; x_wconf 80' lang='lat' dir='ltr'><strong>Palmyrena</strong></span> <span class='ocrx_word' id='word_1_261' title='bbox 557 1667 714 1708; x_wconf 85' lang='lat' dir='ltr'><strong>scriptura</strong></span> <span class='ocrx_word' id='word_1_262' title='bbox 729 1673 833 1697; x_wconf 88' lang='lat' dir='ltr'><strong>ortum</strong></span> <span class='ocrx_word' id='word_1_263' title='bbox 847 1673 896 1697; x_wconf 88' lang='lat' dir='ltr'><strong>est</strong></span> <span class='ocrx_word' id='word_1_264' title='bbox 913 1667 953 1706; x_wconf 36' lang='grc' dir='ltr'><strong>κς.</strong></span> <span class='ocrx_word' id='word_1_265' title='bbox 968 1669 1018 1705; x_wconf 87' lang='grc'><strong>53,</strong></span> <span class='ocrx_word' id='word_1_266' title='bbox 1029 1667 1074 1708; x_wconf 87' lang='grc'><strong>4),</strong></span> <span class='ocrx_word' id='word_1_267' title='bbox 1090 1674 1125 1698; x_wconf 87' lang='lat' dir='ltr'><strong>ut</strong></span> <span class='ocrx_word' id='word_1_268' title='bbox 1137 1666 1261 1700; x_wconf 84' lang='lat' dir='ltr'><strong>litterae</strong></span> <span class='ocrx_word' id='word_1_269' title='bbox 1277 1669 1431 1700; x_wconf 82' lang='lat' dir='ltr'><strong>Etruscae</strong></span> <span class='ocrx_word' id='word_1_270' title='bbox 1445 1676 1546 1701; x_wconf 84' lang='lat' dir='ltr'><strong>mater</strong></span> <span class='ocrx_word' id='word_1_271' title='bbox 1561 1680 1633 1702; x_wconf 82' lang='lat' dir='ltr'><strong>esse</strong></span> <span class='ocrx_word' id='word_1_272' title='bbox 1648 1667 1737 1702; x_wconf 90' lang='lat' dir='ltr'><strong>nullo</strong></span> <span class='ocrx_word' id='word_1_273' title='bbox 1752 1668 1847 1700; x_wconf 89' lang='lat' dir='ltr'><strong>modo</strong></span> <span class='ocrx_word' id='word_1_274' title='bbox 1863 1666 1974 1710; x_wconf 70' lang='lat' dir='ltr'><strong>possit.</strong></span> 
     </span>
     <span class='ocr_line' id='line_1_23' title="bbox 353 1721 1989 1768; baseline -0.001 -14"><span class='ocrx_word' id='word_1_275' title='bbox 353 1722 442 1755; x_wconf 88' lang='lat' dir='ltr'><strong>Malo</strong></span> <span class='ocrx_word' id='word_1_276' title='bbox 474 1724 590 1764; x_wconf 85' lang='lat' dir='ltr'><strong>igitur,</strong></span> <span class='ocrx_word' id='word_1_277' title='bbox 627 1732 724 1764; x_wconf 90' lang='lat' dir='ltr'><strong>quum</strong></span> <span class='ocrx_word' id='word_1_278' title='bbox 760 1721 926 1753; x_wconf 89' lang='lat' dir='ltr'><strong>meliorem</strong></span> <span class='ocrx_word' id='word_1_279' title='bbox 963 1730 1144 1765; x_wconf 85' lang='lat' dir='ltr'><strong>certamque</strong></span> <span class='ocrx_word' id='word_1_280' title='bbox 1177 1725 1509 1757; x_wconf 72' lang='lat' dir='ltr'><strong>sententiam&#39;dicere</strong></span> <span class='ocrx_word' id='word_1_281' title='bbox 1545 1736 1609 1757; x_wconf 90' lang='lat' dir='ltr'><strong>non</strong></span> <span class='ocrx_word' id='word_1_282' title='bbox 1643 1726 1782 1768; x_wconf 82' lang='lat' dir='ltr'><strong>possim,</strong></span> <span class='ocrx_word' id='word_1_283' title='bbox 1820 1734 1905 1755; x_wconf 91' lang='lat' dir='ltr'><strong>nunc</strong></span> <span class='ocrx_word' id='word_1_284' title='bbox 1935 1722 1989 1754; x_wconf 50' lang='lat' dir='ltr'><strong>dea</strong></span> 
     </span>
     <span class='ocr_line' id='line_1_24' title="bbox 354 1777 1974 1823; baseline 0.001 -12"><span class='ocrx_word' id='word_1_285' title='bbox 354 1780 466 1811; x_wconf 88' lang='lat' dir='ltr'><strong>harum</strong></span> <span class='ocrx_word' id='word_1_286' title='bbox 479 1777 656 1810; x_wconf 87' lang='lat' dir='ltr'><strong>litterarum</strong></span> <span class='ocrx_word' id='word_1_287' title='bbox 670 1779 800 1820; x_wconf 77' lang='lat' dir='ltr'><strong>origine·</strong></span> <span class='ocrx_word' id='word_1_288' title='bbox 812 1779 1027 1821; x_wconf 81' lang='lat' dir='ltr'><strong>ignorantiam</strong></span> <span class='ocrx_word' id='word_1_289' title='bbox 1041 1779 1147 1819; x_wconf 80' lang='lat' dir='ltr'><strong>fateri,</strong></span> <span class='ocrx_word' id='word_1_290' title='bbox 1168 1791 1261 1823; x_wconf 91' lang='lat' dir='ltr'><strong>quam</strong></span> <span class='ocrx_word' id='word_1_291' title='bbox 1275 1781 1316 1812; x_wconf 86' lang='lat' dir='ltr'><strong>ad</strong></span> <span class='ocrx_word' id='word_1_292' title='bbox 1330 1784 1530 1815; x_wconf 86' lang='lat' dir='ltr'><strong>coniecturas</strong></span> <span class='ocrx_word' id='word_1_293' title='bbox 1545 1781 1651 1815; x_wconf 82' lang='lat' dir='ltr'><strong>delabi</strong></span> <span class='ocrx_word' id='word_1_294' title='bbox 1667 1783 1762 1815; x_wconf 72' lang='lat' dir='ltr'><strong>nimis</strong></span> <span class='ocrx_word' id='word_1_295' title='bbox 1778 1781 1974 1821; x_wconf 76' lang='lat' dir='ltr'><strong>temerarias.</strong></span> 
     </span>
    </p>
   </div>
   <div class='ocr_carea' id='block_1_9' title="bbox 480 1846 1972 1895">
    <p class='ocr_par' dir='ltr' id='par_1_9' title="bbox 480 1846 1972 1895">
     <span class='ocr_line' id='line_1_25' title="bbox 480 1846 1972 1895; baseline 0.002 -16"><span class='ocrx_word' id='word_1_296' title='bbox 480 1859 507 1880; x_wconf 88' lang='lat' dir='ltr'><strong>c.</strong></span> <span class='ocrx_word' id='word_1_297' title='bbox 552 1847 642 1885; x_wconf 83' lang='lat' dir='ltr'><strong>Quae</strong></span> <span class='ocrx_word' id='word_1_298' title='bbox 661 1859 718 1890; x_wconf 89' lang='lat' dir='ltr'><strong>pro</strong></span> <span class='ocrx_word' id='word_1_299' title='bbox 741 1846 771 1879; x_wconf 91' lang='grc' dir='ltr'><strong>Ο</strong></span> <span class='ocrx_word' id='word_1_300' title='bbox 795 1849 899 1890; x_wconf 86' lang='lat' dir='ltr'><strong>posita</strong></span> <span class='ocrx_word' id='word_1_301' title='bbox 921 1857 977 1880; x_wconf 33' lang='lat' dir='ltr'><strong>est*</strong></span> <span class='ocrx_word' id='word_1_302' title='bbox 992 1848 1026 1880; x_wconf 88' lang='lat' dir='ltr'><strong>V</strong></span> <span class='ocrx_word' id='word_1_303' title='bbox 1046 1848 1169 1890; x_wconf 88' lang='lat' dir='ltr'><strong>littera,</strong></span> <span class='ocrx_word' id='word_1_304' title='bbox 1192 1852 1320 1893; x_wconf 87' lang='lat' dir='ltr'><strong>proprie</strong></span> <span class='ocrx_word' id='word_1_305' title='bbox 1349 1851 1382 1883; x_wconf 91' lang='lat' dir='ltr'><em>U</em></span> <span class='ocrx_word' id='word_1_306' title='bbox 1400 1858 1465 1891; x_wconf 87' lang='lat' dir='ltr'><strong>est,</strong></span> <span class='ocrx_word' id='word_1_307' title='bbox 1488 1863 1550 1895; x_wconf 90' lang='lat' dir='ltr'><strong>quo</strong></span> <span class='ocrx_word' id='word_1_308' title='bbox 1574 1863 1633 1895; x_wconf 92' lang='lat' dir='ltr'><strong>pro</strong></span> <span class='ocrx_word' id='word_1_309' title='bbox 1657 1863 1676 1884; x_wconf 87' lang='lat' dir='ltr'><strong>o</strong></span> <span class='ocrx_word' id='word_1_310' title='bbox 1699 1859 1829 1884; x_wconf 84' lang='lat' dir='ltr'><strong>utuntur</strong></span> <span class='ocrx_word' id='word_1_311' title='bbox 1846 1849 1972 1884; x_wconf 81' lang='lat' dir='ltr'><strong>Umbri.</strong></span> 
     </span>
    </p>
   </div>
   <div class='ocr_carea' id='block_1_10' title="bbox 354 1917 1974 2017">
    <p class='ocr_par' dir='ltr' id='par_1_10' title="bbox 354 1917 1974 2017">
     <span class='ocr_line' id='line_1_26' title="bbox 480 1917 1974 1963; baseline 0.003 -15"><span class='ocrx_word' id='word_1_312' title='bbox 480 1917 630 1948; x_wconf 90' lang='lat' dir='ltr'><strong>Ceterum</strong></span> <span class='ocrx_word' id='word_1_313' title='bbox 652 1919 808 1960; x_wconf 86' lang='lat' dir='ltr'><strong>scriptura</strong></span> <span class='ocrx_word' id='word_1_314' title='bbox 831 1918 1001 1958; x_wconf 86' lang='lat' dir='ltr'><strong>Umbrica,</strong></span> <span class='ocrx_word' id='word_1_315' title='bbox 1023 1921 1141 1962; x_wconf 88' lang='lat' dir='ltr'><strong>pariter</strong></span> <span class='ocrx_word' id='word_1_316' title='bbox 1162 1928 1258 1963; x_wconf 86' lang='lat' dir='ltr'><strong>atque</strong></span> <span class='ocrx_word' id='word_1_317' title='bbox 1279 1921 1435 1961; x_wconf 82' lang='lat' dir='ltr'><strong>Etrusca,</strong></span> <span class='ocrx_word' id='word_1_318' title='bbox 1464 1932 1485 1953; x_wconf 93' lang='lat' dir='ltr'><strong>a</strong></span> <span class='ocrx_word' id='word_1_319' title='bbox 1514 1922 1628 1954; x_wconf 76' lang='lat' dir='ltr'><strong>dextra</strong></span> <span class='ocrx_word' id='word_1_320' title='bbox 1658 1922 1699 1953; x_wconf 88' lang='lat' dir='ltr'><strong>ad</strong></span> <span class='ocrx_word' id='word_1_321' title='bbox 1726 1921 1851 1956; x_wconf 85' lang='lat' dir='ltr'><strong>laevam</strong></span> <span class='ocrx_word' id='word_1_322' title='bbox 1871 1923 1974 1954; x_wconf 86' lang='lat' dir='ltr'><strong>currit</strong></span> 
     </span>
     <span class='ocr_line' id='line_1_27' title="bbox 354 1973 1112 2017; baseline 0.003 -11"><span class='ocrx_word' id='word_1_323' title='bbox 354 1973 514 2016; x_wconf 87' lang='lat' dir='ltr'><strong>verbaque</strong></span> <span class='ocrx_word' id='word_1_324' title='bbox 538 1973 634 2004; x_wconf 85' lang='lat' dir='ltr'><strong>habet</strong></span> <span class='ocrx_word' id='word_1_325' title='bbox 657 1974 780 2005; x_wconf 88' lang='lat' dir='ltr'><strong>duobus</strong></span> <span class='ocrx_word' id='word_1_326' title='bbox 803 1976 929 2017; x_wconf 87' lang='lat' dir='ltr'><strong>punctis</strong></span> <span class='ocrx_word' id='word_1_327' title='bbox 951 1977 1112 2008; x_wconf 86' lang='lat' dir='ltr'><strong>distincta.</strong></span> 
     </span>
    </p>
   </div>
   <div class='ocr_carea' id='block_1_11' title="bbox 352 2043 1973 2201">
    <p class='ocr_par' dir='ltr' id='par_1_11' title="bbox 352 2043 1973 2201">
     <span class='ocr_line' id='line_1_28' title="bbox 480 2043 1971 2089; baseline 0.001 -14"><span class='ocrx_word' id='word_1_328' title='bbox 480 2046 510 2075; x_wconf 82' lang='lat'><strong>3.</strong></span> <span class='ocrx_word' id='word_1_329' title='bbox 554 2043 694 2074; x_wconf 82' lang='lat' dir='ltr'><strong>Litteras</strong></span> <span class='ocrx_word' id='word_1_330' title='bbox 720 2044 818 2076; x_wconf 71' lang='lat' dir='ltr'><strong>Oscae</strong></span> <span class='ocrx_word' id='word_1_331' title='bbox 840 2051 934 2087; x_wconf 88' lang='lat' dir='ltr'><strong>atque</strong></span> <span class='ocrx_word' id='word_1_332' title='bbox 961 2044 1161 2078; x_wconf 58' lang='lat' dir='ltr'><strong>Samnitis-ae</strong></span> <span class='ocrx_word' id='word_1_333' title='bbox 1182 2048 1214 2078; x_wconf 90' lang='lat' dir='ltr'><strong>in</strong></span> <span class='ocrx_word' id='word_1_334' title='bbox 1239 2045 1338 2078; x_wconf 84' lang='lat' dir='ltr'><strong>titulis</strong></span> <span class='ocrx_word' id='word_1_335' title='bbox 1360 2046 1519 2078; x_wconf 88' lang='lat' dir='ltr'><strong>Abellano</strong></span> <span class='ocrx_word' id='word_1_336' title='bbox 1542 2054 1573 2078; x_wconf 85' lang='lat' dir='ltr'><strong>et</strong></span> <span class='ocrx_word' id='word_1_337' title='bbox 1596 2046 1802 2089; x_wconf 83' lang='lat' dir='ltr'><strong>Pompejanis</strong></span> <span class='ocrx_word' id='word_1_338' title='bbox 1825 2053 1919 2089; x_wconf 87' lang='lat' dir='ltr'><strong>atque</strong></span> <span class='ocrx_word' id='word_1_339' title='bbox 1938 2047 1971 2078; x_wconf 91' lang='lat' dir='ltr'><strong>in</strong></span> 
     </span>
     <span class='ocr_line' id='line_1_29' title="bbox 353 2097 1972 2146; baseline 0.002 -14"><span class='ocrx_word' id='word_1_340' title='bbox 353 2100 458 2132; x_wconf 87' lang='lat' dir='ltr'><strong>numis</strong></span> <span class='ocrx_word' id='word_1_341' title='bbox 472 2097 595 2138; x_wconf 82' lang='lat' dir='ltr'><strong>obvias,</strong></span> <span class='ocrx_word' id='word_1_342' title='bbox 613 2106 719 2141; x_wconf 83' lang='lat' dir='ltr'><strong>utpote</strong></span> <span class='ocrx_word' id='word_1_343' title='bbox 736 2111 799 2132; x_wconf 89' lang='lat' dir='ltr'><strong>non</strong></span> <span class='ocrx_word' id='word_1_344' title='bbox 816 2099 951 2132; x_wconf 81' lang='lat' dir='ltr'><strong>multum</strong></span> <span class='ocrx_word' id='word_1_345' title='bbox 965 2102 1195 2143; x_wconf 84' lang='lat' dir='ltr'><strong>discrepantes,</strong></span> <span class='ocrx_word' id='word_1_346' title='bbox 1213 2114 1276 2134; x_wconf 90' lang='lat' dir='ltr'><strong>una</strong></span> <span class='ocrx_word' id='word_1_347' title='bbox 1291 2102 1440 2134; x_wconf 85' lang='lat' dir='ltr'><strong>columna</strong></span> <span class='ocrx_word' id='word_1_348' title='bbox 1454 2103 1530 2143; x_wconf 85' lang='lat' dir='ltr'><strong>(tab.</strong></span> <span class='ocrx_word' id='word_1_349' title='bbox 1548 2107 1567 2135; x_wconf 88' lang='lat'><strong>2</strong></span> <span class='ocrx_word' id='word_1_350' title='bbox 1582 2102 1686 2144; x_wconf 87' lang='lat' dir='ltr'><strong>col.4)</strong></span> <span class='ocrx_word' id='word_1_351' title='bbox 1704 2103 1972 2146; x_wconf 81' lang='lat' dir='ltr'><strong>comprehendere</strong></span> 
     </span>
     <span class='ocr_line' id='line_1_30' title="bbox 352 2156 1973 2201; baseline 0.004 -15"><span class='ocrx_word' id='word_1_352' title='bbox 352 2157 456 2188; x_wconf 86' lang='lat' dir='ltr'><strong>visum</strong></span> <span class='ocrx_word' id='word_1_353' title='bbox 478 2162 545 2194; x_wconf 84' lang='lat' dir='ltr'><strong>est,</strong></span> <span class='ocrx_word' id='word_1_354' title='bbox 568 2156 608 2186; x_wconf 86' lang='lat' dir='ltr'><strong>ad</strong></span> <span class='ocrx_word' id='word_1_355' title='bbox 630 2167 723 2197; x_wconf 87' lang='lat' dir='ltr'><strong>quam</strong></span> <span class='ocrx_word' id='word_1_356' title='bbox 746 2157 800 2198; x_wconf 90' lang='lat' dir='ltr'><strong>qui</strong></span> <span class='ocrx_word' id='word_1_357' title='bbox 821 2156 988 2189; x_wconf 86' lang='lat' dir='ltr'><strong>uberiores</strong></span> <span class='ocrx_word' id='word_1_358' title='bbox 1011 2159 1255 2190; x_wconf 82' lang='lat' dir='ltr'><strong>commentarios</strong></span> <span class='ocrx_word' id='word_1_359' title='bbox 1275 2160 1402 2201; x_wconf 85' lang='lat' dir='ltr'><strong>cupiat,</strong></span> <span class='ocrx_word' id='word_1_360' title='bbox 1426 2160 1521 2191; x_wconf 87' lang='lat' dir='ltr'><strong>adeat</strong></span> <span class='ocrx_word' id='word_1_361' title='bbox 1542 2161 1682 2192; x_wconf 75' lang='lat' dir='ltr'><strong>Panem·</strong></span> <span class='ocrx_word' id='word_1_362' title='bbox 1701 2161 1789 2192; x_wconf 67' lang='lat' dir='ltr'><strong>Pict.</strong></span> <span class='ocrx_word' id='word_1_363' title='bbox 1814 2159 1973 2192; x_wconf 71' lang='lat' dir='ltr'><strong>Etruscas</strong></span> 
     </span>
    </p>
   </div>
   <div class='ocr_carea' id='block_1_12' title="bbox 353 2210 1970 2256">
    <p class='ocr_par' dir='ltr' id='par_1_12' title="bbox 353 2210 1970 2256">
     <span class='ocr_line' id='line_1_31' title="bbox 353 2210 1970 2256; baseline 0.003 -13"><span class='ocrx_word' id='word_1_364' title='bbox 353 2210 392 2243; x_wconf 85' lang='lat' dir='ltr'><strong>T.</strong></span> <span class='ocrx_word' id='word_1_365' title='bbox 416 2210 456 2243; x_wconf 87' lang='lat' dir='ltr'><strong>II.</strong></span> <span class='ocrx_word' id='word_1_366' title='bbox 478 2222 508 2253; x_wconf 90' lang='lat' dir='ltr'><strong>p.</strong></span> <span class='ocrx_word' id='word_1_367' title='bbox 531 2210 593 2250; x_wconf 89' lang='lat' dir='ltr'><strong>LI,</strong></span> <span class='ocrx_word' id='word_1_368' title='bbox 618 2211 744 2243; x_wconf 67' lang='lat' dir='ltr'><strong>Ecklzel</strong></span> <span class='ocrx_word' id='word_1_369' title='bbox 765 2212 812 2244; x_wconf 90' lang='lat' dir='ltr'><strong>D.</strong></span> <span class='ocrx_word' id='word_1_370' title='bbox 836 2212 882 2244; x_wconf 89' lang='lat' dir='ltr'><strong>N.</strong></span> <span class='ocrx_word' id='word_1_371' title='bbox 905 2212 929 2244; x_wconf 93' lang='lat' dir='ltr'><strong>I.</strong></span> <span class='ocrx_word' id='word_1_372' title='bbox 951 2224 982 2255; x_wconf 91' lang='lat' dir='ltr'><strong>p.</strong></span> <span class='ocrx_word' id='word_1_373' title='bbox 1006 2217 1066 2245; x_wconf 88' lang='grc'><strong>119</strong></span> <span class='ocrx_word' id='word_1_374' title='bbox 1088 2225 1155 2256; x_wconf 86' lang='lat' dir='ltr'><strong>sqq.</strong></span> <span class='ocrx_word' id='word_1_375' title='bbox 1179 2215 1217 2246; x_wconf 84' lang='lat' dir='ltr'><strong>cf.</strong></span> <span class='ocrx_word' id='word_1_376' title='bbox 1241 2213 1359 2246; x_wconf 86' lang='lat' dir='ltr'><strong>Miiller</strong></span> <span class='ocrx_word' id='word_1_377' title='bbox 1381 2215 1538 2247; x_wconf 86' lang='lat' dir='ltr'><strong>Etrusker</strong></span> <span class='ocrx_word' id='word_1_378' title='bbox 1562 2214 1692 2247; x_wconf 83' lang='lat' dir='ltr'><strong>Einleit.</strong></span> <span class='ocrx_word' id='word_1_379' title='bbox 1714 2215 1746 2255; x_wconf 90' lang='lat' dir='ltr'><strong>I,</strong></span> <span class='ocrx_word' id='word_1_380' title='bbox 1769 2218 1790 2248; x_wconf 84' lang='lat'>7</span> <span class='ocrx_word' id='word_1_381' title='bbox 1811 2223 1843 2248; x_wconf 91' lang='lat' dir='ltr'><strong>et</strong></span> <span class='ocrx_word' id='word_1_382' title='bbox 1863 2215 1904 2248; x_wconf 90' lang='lat' dir='ltr'><strong>T.</strong></span> <span class='ocrx_word' id='word_1_383' title='bbox 1929 2215 1970 2249; x_wconf 85' lang='grc' dir='ltr'><strong>Η.</strong></span> 
     </span>
    </p>
   </div>
   <div class='ocr_carea' id='block_1_13' title="bbox 351 2269 1970 2501">
    <p class='ocr_par' dir='ltr' id='par_1_13' title="bbox 351 2269 1970 2501">
     <span class='ocr_line' id='line_1_32' title="bbox 352 2269 1970 2314; baseline 0.004 -16"><span class='ocrx_word' id='word_1_384' title='bbox 352 2280 383 2311; x_wconf 81' lang='lat' dir='ltr'><strong>p.</strong></span> <span class='ocrx_word' id='word_1_385' title='bbox 407 2270 486 2306; x_wconf 81' lang='lat'><strong>313,</strong></span> <span class='ocrx_word' id='word_1_386' title='bbox 510 2278 644 2310; x_wconf 88' lang='lat' dir='ltr'><strong>quorum</strong></span> <span class='ocrx_word' id='word_1_387' title='bbox 666 2270 888 2300; x_wconf 83' lang='lat' dir='ltr'><strong>auctoritatem</strong></span> <span class='ocrx_word' id='word_1_388' title='bbox 910 2280 969 2301; x_wconf 90' lang='lat' dir='ltr'><strong>nos</strong></span> <span class='ocrx_word' id='word_1_389' title='bbox 992 2281 1117 2312; x_wconf 89' lang='lat' dir='ltr'><strong>quoque</strong></span> <span class='ocrx_word' id='word_1_390' title='bbox 1138 2271 1170 2301; x_wconf 92' lang='lat' dir='ltr'><strong>in</strong></span> <span class='ocrx_word' id='word_1_391' title='bbox 1193 2269 1250 2302; x_wconf 87' lang='lat' dir='ltr'><strong>illa</strong></span> <span class='ocrx_word' id='word_1_392' title='bbox 1271 2270 1379 2303; x_wconf 87' lang='lat' dir='ltr'><strong>tabula</strong></span> <span class='ocrx_word' id='word_1_393' title='bbox 1401 2273 1503 2303; x_wconf 83' lang='lat' dir='ltr'><strong>secuti</strong></span> <span class='ocrx_word' id='word_1_394' title='bbox 1527 2283 1636 2304; x_wconf 89' lang='lat' dir='ltr'><strong>sumus</strong></span> <span class='ocrx_word' id='word_1_395' title='bbox 1650 2295 1660 2311; x_wconf 97' lang='lat'><strong>,</strong></span> <span class='ocrx_word' id='word_1_396' title='bbox 1689 2273 1798 2304; x_wconf 87' lang='lat' dir='ltr'><strong>addito</strong></span> <span class='ocrx_word' id='word_1_397' title='bbox 1828 2274 1970 2314; x_wconf 82' lang='lat' dir='ltr'><strong>(auctore</strong></span> 
     </span>
     <span class='ocr_line' id='line_1_33' title="bbox 355 2323 1970 2386; baseline 0.002 -27"><span class='ocrx_word' id='word_1_398' title='bbox 355 2327 472 2368; x_wconf 77' lang='lat' dir='ltr'><strong>Lepsio</strong></span> <span class='ocrx_word' id='word_1_399' title='bbox 494 2325 517 2357; x_wconf 89' lang='lat' dir='ltr'><strong>l.</strong></span> <span class='ocrx_word' id='word_1_400' title='bbox 539 2337 566 2358; x_wconf 88' lang='lat' dir='ltr'><strong>c.</strong></span> <span class='ocrx_word' id='word_1_401' title='bbox 589 2338 621 2369; x_wconf 92' lang='lat' dir='ltr'><strong>p.</strong></span> <span class='ocrx_word' id='word_1_402' title='bbox 645 2329 699 2367; x_wconf 88' lang='lat'><strong>34)</strong></span> <span class='ocrx_word' id='word_1_403' title='bbox 723 2338 786 2358; x_wconf 91' lang='lat' dir='ltr'><strong>uno</strong></span> <span class='ocrx_word' id='word_1_404' title='bbox 813 2323 873 2386; x_wconf 42' lang='grc' dir='ltr'>ἢ</span> <span class='ocrx_word' id='word_1_405' title='bbox 900 2329 921 2359; x_wconf 90' lang='lat' dir='ltr'><strong>i.</strong></span> <span class='ocrx_word' id='word_1_406' title='bbox 943 2339 972 2360; x_wconf 90' lang='lat' dir='ltr'><strong>e.</strong></span> <span class='ocrx_word' id='word_1_407' title='bbox 997 2328 1027 2360; x_wconf 94' lang='lat' dir='ltr'>D</span> <span class='ocrx_word' id='word_1_408' title='bbox 1052 2328 1228 2368; x_wconf 85' lang='lat' dir='ltr'><strong>Oscorum,</strong></span> <span class='ocrx_word' id='word_1_409' title='bbox 1260 2331 1299 2361; x_wconf 90' lang='lat' dir='ltr'><strong>de</strong></span> <span class='ocrx_word' id='word_1_410' title='bbox 1328 2342 1391 2372; x_wconf 90' lang='lat' dir='ltr'><strong>quo</strong></span> <span class='ocrx_word' id='word_1_411' title='bbox 1419 2333 1464 2362; x_wconf 90' lang='lat' dir='ltr'><strong>ita</strong></span> <span class='ocrx_word' id='word_1_412' title='bbox 1494 2342 1628 2370; x_wconf 88' lang='lat' dir='ltr'><strong>censeo,</strong></span> <span class='ocrx_word' id='word_1_413' title='bbox 1661 2330 1763 2364; x_wconf 82' lang='lat' dir='ltr'><strong>Oscos</strong></span> <span class='ocrx_word' id='word_1_414' title='bbox 1789 2329 1887 2363; x_wconf 86' lang='lat' dir='ltr'><strong>Delta</strong></span> <span class='ocrx_word' id='word_1_415' title='bbox 1913 2330 1970 2362; x_wconf 89' lang='lat' dir='ltr'><strong>illo</strong></span> 
     </span>
     <span class='ocr_line' id='line_1_34' title="bbox 352 2386 1970 2432; baseline 0.002 -14"><span class='ocrx_word' id='word_1_416' title='bbox 352 2387 446 2418; x_wconf 82' lang='lat' dir='ltr'><strong>medo</strong></span> <span class='ocrx_word' id='word_1_417' title='bbox 469 2386 632 2428; x_wconf 86' lang='lat' dir='ltr'><strong>pinxisse,</strong></span> <span class='ocrx_word' id='word_1_418' title='bbox 655 2393 690 2417; x_wconf 89' lang='lat' dir='ltr'><strong>ut</strong></span> <span class='ocrx_word' id='word_1_419' title='bbox 712 2387 959 2428; x_wconf 84' lang='lat' dir='ltr'><strong>distingueretur</strong></span> <span class='ocrx_word' id='word_1_420' title='bbox 981 2399 1000 2418; x_wconf 89' lang='lat' dir='ltr'><strong>a</strong></span> <span class='ocrx_word' id='word_1_421' title='bbox 1021 2388 1129 2420; x_wconf 85' lang='lat' dir='ltr'><strong>littera</strong></span> <span class='ocrx_word' id='word_1_422' title='bbox 1154 2390 1287 2428; x_wconf 85' lang='lat' dir='ltr'><strong>canina,</strong></span> <span class='ocrx_word' id='word_1_423' title='bbox 1310 2391 1404 2432; x_wconf 87' lang='lat' dir='ltr'><strong>idque</strong></span> <span class='ocrx_word' id='word_1_424' title='bbox 1425 2401 1464 2421; x_wconf 86' lang='lat' dir='ltr'><strong>ea</strong></span> <span class='ocrx_word' id='word_1_425' title='bbox 1486 2397 1590 2422; x_wconf 80' lang='lat' dir='ltr'><strong>aetate</strong></span> <span class='ocrx_word' id='word_1_426' title='bbox 1611 2389 1776 2423; x_wconf 77' lang='lat' dir='ltr'><strong>inventum</strong></span> <span class='ocrx_word' id='word_1_427' title='bbox 1798 2401 1888 2429; x_wconf 82' lang='lat' dir='ltr'><strong>esse,</strong></span> <span class='ocrx_word' id='word_1_428' title='bbox 1909 2401 1970 2432; x_wconf 89' lang='lat' dir='ltr'><strong>qua</strong></span> 
     </span>
     <span class='ocr_line' id='line_1_35' title="bbox 351 2433 1968 2501; baseline 0.002 -24"><span class='ocrx_word' id='word_1_429' title='bbox 351 2446 478 2478; x_wconf 89' lang='lat' dir='ltr'><strong>litterae</strong></span> <span class='ocrx_word' id='word_1_430' title='bbox 509 2447 644 2477; x_wconf 84' lang='lat' dir='ltr'><strong>caninae</strong></span> <span class='ocrx_word' id='word_1_431' title='bbox 674 2445 754 2477; x_wconf 87' lang='lat' dir='ltr'><strong>haec</strong></span> <span class='ocrx_word' id='word_1_432' title='bbox 779 2446 882 2477; x_wconf 80' lang='lat' dir='ltr'><strong>forma</strong></span> <span class='ocrx_word' id='word_1_433' title='bbox 907 2433 965 2501; x_wconf 39' lang='grc' dir='ltr'>ἢ</span> <span class='ocrx_word' id='word_1_434' title='bbox 979 2447 1030 2478; x_wconf 90' lang='lat' dir='ltr'><strong>vel</strong></span> <span class='ocrx_word' id='word_1_435' title='bbox 1047 2449 1186 2480; x_wconf 91' lang='lat' dir='ltr'><strong>nondum</strong></span> <span class='ocrx_word' id='word_1_436' title='bbox 1202 2451 1333 2481; x_wconf 87' lang='lat' dir='ltr'><strong>inventa</strong></span> <span class='ocrx_word' id='word_1_437' title='bbox 1348 2455 1416 2480; x_wconf 88' lang='lat' dir='ltr'><strong>erat</strong></span> <span class='ocrx_word' id='word_1_438' title='bbox 1429 2448 1481 2480; x_wconf 86' lang='lat' dir='ltr'><strong>vel</strong></span> <span class='ocrx_word' id='word_1_439' title='bbox 1494 2457 1579 2482; x_wconf 85' lang='lat' dir='ltr'><strong>certe</strong></span> <span class='ocrx_word' id='word_1_440' title='bbox 1593 2449 1682 2482; x_wconf 76' lang='lat' dir='ltr'><strong>Italis</strong></span> <span class='ocrx_word' id='word_1_441' title='bbox 1697 2461 1761 2482; x_wconf 90' lang='lat' dir='ltr'><strong>non</strong></span> <span class='ocrx_word' id='word_1_442' title='bbox 1777 2451 1968 2482; x_wconf 80' lang='lat' dir='ltr'><strong>innotuerat.</strong></span> 
     </span>
    </p>
   </div>
   <div class='ocr_carea' id='block_1_14' title="bbox 356 2598 1967 2682">
    <p class='ocr_par' dir='ltr' id='par_1_14' title="bbox 356 2598 1967 2682">
     <span class='ocr_line' id='line_1_36' title="bbox 401 2598 1967 2635; baseline 0.003 -9"><span class='ocrx_word' id='word_1_443' title='bbox 401 2600 435 2633; x_wconf 73' lang='lat'><strong>*)</strong></span> <span class='ocrx_word' id='word_1_444' title='bbox 468 2599 512 2627; x_wconf 71' lang='lat' dir='ltr'><strong>Cf·</strong></span> <span class='ocrx_word' id='word_1_445' title='bbox 539 2601 571 2626; x_wconf 84' lang='lat' dir='ltr'><strong>G.</strong></span> <span class='ocrx_word' id='word_1_446' title='bbox 602 2602 633 2626; x_wconf 81' lang='lat' dir='ltr'><strong>F.</strong></span> <span class='ocrx_word' id='word_1_447' title='bbox 659 2598 817 2631; x_wconf 76' lang='lat' dir='ltr'><strong>Gratesendii</strong></span> <span class='ocrx_word' id='word_1_448' title='bbox 849 2601 989 2625; x_wconf 72' lang='lat' dir='ltr'><strong>rudimenta</strong></span> <span class='ocrx_word' id='word_1_449' title='bbox 1023 2602 1125 2631; x_wconf 78' lang='lat' dir='ltr'><strong>linguae</strong></span> <span class='ocrx_word' id='word_1_450' title='bbox 1194 2602 1253 2626; x_wconf 75' lang='lat' dir='ltr'><strong>iiber</strong></span> <span class='ocrx_word' id='word_1_451' title='bbox 1273 2602 1314 2626; x_wconf 82' lang='lat' dir='ltr'><strong>die</strong></span> <span class='ocrx_word' id='word_1_452' title='bbox 1331 2604 1527 2634; x_wconf 75' lang='lat' dir='ltr'><strong>Eugubinischen</strong></span> <span class='ocrx_word' id='word_1_453' title='bbox 1551 2602 1653 2635; x_wconf 78' lang='lat' dir='ltr'><strong>Taseln,</strong></span> <span class='ocrx_word' id='word_1_454' title='bbox 1671 2604 1830 2629; x_wconf 64' lang='lat' dir='ltr'><strong>Rheinisclm</strong></span> <span class='ocrx_word' id='word_1_455' title='bbox 1848 2606 1967 2630; x_wconf 72' lang='lat' dir='ltr'><strong>Martum</strong></span> 
     </span>
     <span class='ocr_line' id='line_1_37' title="bbox 356 2647 1623 2682; baseline 0.002 -9"><span class='ocrx_word' id='word_1_456' title='bbox 356 2649 517 2681; x_wconf 51' lang='lat' dir='ltr'><strong>Umbrio-ae„</strong></span> <span class='ocrx_word' id='word_1_457' title='bbox 532 2649 715 2675; x_wconf 81' lang='lat' dir='ltr'><strong>Hannoverae</strong></span> <span class='ocrx_word' id='word_1_458' title='bbox 743 2648 820 2675; x_wconf 81' lang='lat'><strong>183⁵.</strong></span> <span class='ocrx_word' id='word_1_459' title='bbox 855 2649 884 2673; x_wconf 90' lang='grc' dir='ltr'><strong>Ρ.</strong></span> <span class='ocrx_word' id='word_1_460' title='bbox 911 2650 934 2674; x_wconf 86' lang='lat' dir='ltr'><strong>t.</strong></span> <span class='ocrx_word' id='word_1_461' title='bbox 960 2647 987 2674; x_wconf 88' lang='grc'><strong>4.</strong></span> <span class='ocrx_word' id='word_1_462' title='bbox 1032 2650 1123 2674; x_wconf 66' lang='grc' dir='ltr'><strong><em>[Λυσι</em></strong></span> <span class='ocrx_word' id='word_1_463' title='bbox 1188 2647 1235 2679; x_wconf 72' lang='lat' dir='ltr'><strong>fiir</strong></span> <span class='ocrx_word' id='word_1_464' title='bbox 1253 2650 1390 2682; x_wconf 77' lang='lat' dir='ltr'><strong>Philologie</strong></span> <span class='ocrx_word' id='word_1_465' title='bbox 1408 2653 1441 2677; x_wconf 88' lang='lat' dir='ltr'><strong>T.</strong></span> <span class='ocrx_word' id='word_1_466' title='bbox 1459 2653 1495 2678; x_wconf 86' lang='lat'><strong>11.</strong></span> <span class='ocrx_word' id='word_1_467' title='bbox 1515 2652 1572 2677; x_wconf 74' lang='lat' dir='ltr'><strong>saw</strong></span> <span class='ocrx_word' id='word_1_468' title='bbox 1597 2654 1623 2678; x_wconf 81' lang='lat'><strong>2.</strong></span> 
     </span>
    </p>
   </div>
  </div>
 </body>
</html>
