2242 2976
361 284 410 320 82
475 280 606 315 LIBER
628 278 802 313 PRIMUS.
844 276 1219 311 PALAEOGRAPHIA
1242 275 1497 310 PHOENICIA.
1541 277 1686 311 CAPUT
1708 276 1932 319 QUINTUM.

493 375 543 407 De
571 375 721 406 universa
750 379 856 404 autem
886 372 947 405 bac
969 371 1153 412 ‚litteratura
1173 370 1373 415 singulisque
1395 373 1465 404 eius
1484 371 1602 404 litteris
1622 370 1703 404 haec
1725 371 1820 405 nobis
1841 372 1984 404 animad-

365 432 518 464 vertenda
547 436 637 463 sunt:

493 504 522 533 1.
575 499 765 540 Palmyrena
792 497 873 530 haec
907 498 1063 540 scriptura
1098 497 1294 541 appellatur,
1335 499 1485 543 quoniam
1520 504 1642 530 tantum
1673 508 1736 530 non
1772 498 1882 530 omnia
1912 499 1983 530 eius

366 563 571 590 monumenta
596 554 762 596 Palmyrae
785 561 910 597 reperta
922 561 1006 586 sunt.
1049 553 1180 587 Illorum
1196 566 1272 587 vero
1287 554 1452 588 titulorum
1469 565 1565 586 unum
1580 555 1621 587 ad
1636 553 1798 586 Abilenen
1812 554 1983 598 pertinere,
1997 573 2005 581 ·

365 613 515 655 illamque
537 613 726 654 scripturam
748 622 787 643 ea
808 618 911 643 aetate
927 609 1135 653 probabiliter
1155 612 1189 643 in
1213 611 1309 654 Syria
1330 613 1481 644 universa
1502 612 1661 654 viguisse,
1685 617 1720 642 ut
1741 611 1811 642 iure
1824 620 1884 642 suo
1898 608 1984 652 Syra

367 670 471 701 vocari
494 669 614 711 possit,
646 668 764 699 dudum
784 667 967 699 observavit
988 665 1137 699 Sm'nton
1159 667 1201 709 (l.
1217 679 1244 700 c.
1268 679 1341 712 pag.
1362 671 1423 701 748
1432 668 1454 710 ).

491 742 521 770 2.
564 737 702 770 Matrem
726 737 806 769 haec
827 737 1007 769 litteratura
1030 737 1126 770 habet
1146 740 1336 781 scripturam
1357 738 1551 770 Aramaeam
1566 736 1814 780 Aegyptiacam,
1837 747 1880 769 ex
1893 737 1985 769 cuius

363 795 477 838 figuris
498 793 707 837 Palmyrenae
729 794 929 838 explicantur
950 794 992 825 ad
1013 804 1110 826 unam
1135 804 1247 826 omnes
1270 796 1388 835 (etiam
1412 793 1492 827 Nun
1512 793 1639 826 litterae
1661 793 1766 837 figura
1785 792 1894 826 finalis
1919 794 1985 825 iam

363 853 396 884 in
425 850 482 883 illa
511 852 669 894 scriptura
695 851 894 891 invenitur):
933 851 966 882 iu
997 861 1036 882 eo
1068 852 1238 893 praecipue
1275 852 1460 890 immutata,
1499 851 1583 893 quod
1616 849 1742 882 litterae
1770 851 1835 882 iam
1864 850 1898 882 in
1925 847 1984 881 illo

364 909 540 950 scripturae
561 917 680 950 genere
701 905 877 950 paullulum
900 907 1120 938 sinistrorsum
1142 906 1265 946 flexae,
1295 914 1331 938 ut
1349 906 1454 946 Beth,
1475 906 1582 946 Men,
1607 905 1763 946 Stanecli,
1791 906 1880 946 Ain,
1901 904 1984 944 Phe,

364 965 396 996 in
421 963 619 1004 Palmyrenis
641 974 714 995 cum
736 961 941 1005 sequentibus
962 961 1077 994 litteris
1099 973 1195 1005 saepe
1217 962 1424 1005 copulantur,
1447 973 1581 1006 eamque
1603 962 1645 994 ob
1668 973 1798 994 causam
1815 964 1911 994 etiam
1928 960 1985 994 ubi

366 1031 430 1052 non
460 1027 535 1052 sunt
560 1018 728 1062 copulatae
759 1018 928 1060 (nonnulli
957 1020 1042 1050 enim
1073 1017 1157 1050 tituli
1186 1029 1206 1049 a
1234 1017 1348 1051 litteris
1370 1018 1478 1062 ligatis
1500 1019 1703 1058 abstinent),
1732 1029 1844 1061 scapos
1866 1017 1987 1050 habent

365 1078 584 1108 sinistrorsum
614 1075 718 1107 flexos
746 1075 784 1117 ⁹).
828 1074 923 1107 Aliae
951 1073 1094 1113 litterae,
1127 1082 1162 1106 ut
1189 1074 1332 1114 Daletla,
1362 1074 1488 1114 Rerch,
1524 1074 1592 1107 Vae
1622 1085 1694 1106 cum
1723 1073 1985 1107 antecedentibus

365 1139 486 1164 tantum
502 1131 618 1164 litteris
635 1130 777 1174 copulari
791 1138 937 1174 possunt,
951 1138 983 1162 et
999 1129 1120 1163 nullam
1135 1131 1204 1162 fere
1218 1132 1426 1163 mutationem
1439 1131 1618 1164 subierunt.
1640 1129 1839 1163 Peculiarem
1848 1130 1986 1167 formam

358 1188 499 1227 finalem
522 1199 585 1219 una
607 1187 704 1220 habet
723 1186 830 1220 littera
844 1186 938 1226 Nun,
961 1198 1057 1229 quum
1079 1188 1112 1219 in
1132 1187 1528 1231 Aramaeo-Aegyptiacis
1547 1187 1611 1219 iam
1626 1186 1708 1219 duae
1727 1185 1854 1219 litterae
1870 1185 1987 1218 finales

365 1251 504 1276 exstant.
550 1243 663 1287 Neque
685 1243 748 1275 hoc
777 1245 910 1282 mirum,
943 1243 1039 1286 quum
1067 1244 1226 1275 eiusmodi
1252 1243 1375 1286 figurae
1407 1244 1535 1276 nonnisi
1564 1244 1598 1275 in
1630 1241 1687 1274 tali
1721 1244 1879 1285 scriptura
1908 1241 1987 1274 oriri

365 1308 513 1343 possent,
543 1311 623 1342 quae
646 1299 744 1332 verba
766 1301 880 1342 spatiis
901 1300 1051 1331 distincta
1074 1299 1217 1331 haberet.
1261 1299 1465 1332 Contrarium
1479 1299 1607 1342 quidem
1621 1304 1738 1341 magno
1755 1309 1827 1331 cum
1841 1299 1987 1340 strepitu,

365 1364 399 1388 ut
421 1355 544 1387 solebat
567 1357 615 1387 vir
637 1355 749 1389 beatus
770 1357 803 1387 in
826 1355 923 1388 rebus
944 1357 1069 1398 parvis,
1093 1363 1204 1387 contra
1226 1367 1286 1388 nos
1307 1355 1445 1388 affirmat
1466 1355 1613 1398 Koppius
1637 1354 1687 1397 (11
1703 1366 1732 1398 p.
1750 1355 1831 1397 132)
1854 1354 1895 1386 ad
1909 1352 1985 1386 Nun

364 1411 463 1444 finale
477 1411 740 1454 Palmyrenorum
757 1413 790 1444 in
804 1413 962 1454 scriptura
977 1422 1042 1443 non
1057 1412 1206 1444 distincta
1222 1423 1411 1455 provocans,
1433 1412 1490 1444 sed
1512 1411 1573 1443 hac
1588 1412 1658 1454 ipsa
1670 1421 1706 1443 re
1719 1412 1769 1443 vir
1783 1411 1986 1444 doctissimus

366 1467 545 1500 luculenter
567 1468 743 1500 refellitur:
774 1467 834 1499 Ιιοο
855 1470 940 1500 enin
961 1467 1040 1500 Nun
1052 1468 1165 1506 ,finale
1185 1468 1447 1510 Palmyrenorum
1467 1478 1531 1500 nou
1554 1467 1644 1510 apud
1663 1470 1751 1510 ipsos
1765 1466 1985 1508 Palmyrenos,

367 1534 471 1566 neque
485 1527 521 1555 iu
537 1527 692 1555 continua
709 1527 875 1565 scriptura
889 1528 993 1555 ortua
1010 1529 1070 1562 eet,
1092 1524 1152 1555 ned
1166 1534 1212 1556 ex
1224 1528 1391 1567 scriptura
1408 1524 1819 1566 Aramum-Aegyptiam
1830 1526 1985 1566 petitum,

367 1582 400 1612 in
424 1591 486 1623 qua
507 1579 606 1611 verba
625 1589 787 1622 nunquam
806 1590 869 1610 non
886 1581 997 1622 spatiis
1018 1580 1170 1611 distincta
1184 1588 1268 1612 suut.
1313 1579 1419 1612 Simili
1436 1580 1531 1612 modo
1545 1579 1669 1622 figurae
1686 1579 1863 1612 litterarum
1880 1578 1985 1618 Beth,

370 1636 479 1678 Caph,
503 1636 612 1674 Men,
635 1634 791 1674 Samecla,
814 1636 885 1667 Ain
906 1646 1019 1678 scapos
1041 1636 1125 1668 iufra
1147 1638 1367 1669 sinistrorsum
1390 1636 1513 1675 flexos,
1551 1646 1631 1678 quos
1653 1637 1688 1668 in
1709 1637 1867 1678 scriptura
1886 1634 1986 1678 ligata

369 1691 630 1733 Palmyrenorum
651 1693 898 1734 adoptaverant,
927 1693 1023 1724 etiam
1043 1694 1076 1724 in
1099 1693 1256 1735 scriptura
1277 1694 1432 1736 quadrata
1453 1692 1652 1732 retinebant,
1686 1702 1867 1735 quanquam
1889 1691 1985 1724 huius

367 1748 491 1780 litterae
514 1747 610 1791 ligari
632 1759 696 1780 non
719 1747 834 1780 solent.
1210 1755 1213 1759 “

494 1821 524 1850 3.
569 1818 687 1850 Contra
708 1820 865 1861 scriptura
885 1817 1107 1851 Hebraeorum
1130 1820 1283 1862 quadrata
1303 1826 1445 1851 nostram
1466 1822 1654 1867 scripturam
1677 1819 1824 1862 agnoscit
1838 1826 1984 1860 matrem,

365 1875 411 1905 ita
432 1881 466 1905 ut
489 1884 600 1906 omnes
623 1876 691 1906 eius
713 1874 835 1917 figurae
859 1873 910 1906 vel
932 1875 1062 1906 eaedem
1078 1877 1142 1907 sint
1165 1877 1279 1916 (modo
1298 1877 1330 1907 in
1348 1874 1609 1914 oxoniensibus,
1632 1877 1775 1908 modom
1791 1875 1984 1919 Romanis),

366 1929 417 1961 vel
438 1929 532 1962 facile
548 1931 623 1962 inde
640 1930 795 1972 explicari
809 1933 930 1973 possint
951 1931 1007 1973 (cf.
1024 1931 1140 1970 Οἱυιεῖ,
1162 1932 1217 1964 He
1239 1941 1263 1965 ·-ι
1285 1943 1326 1964 ex
1349 1923 1425 1987 77,
1447 1930 1584 1963 San-ecla
1606 1940 1626 1964 ο
1650 1943 1692 1963 ex
1714 1919 1819 1988 Dp
1844 1934 1986 1976 exceptis

366 1985 444 2018 solis
472 1986 586 2019 litteris
620 1986 702 2019 Che!
729 1994 761 2018 et
789 1987 905 2030 Koplt,
945 1989 978 2019 in
1015 1987 1130 2029 quibus
1165 1989 1317 2031 quadrata
1349 1987 1453 2030 figura
1491 1989 1530 2019 ad
1560 1986 1743 2020 Aramaeo-
1751 1988 1984 2032 Aegyptiacam

366 2044 495 2085 propius
517 2043 658 2082 accedit,
688 2050 720 2075 et
741 2043 782 2075 ab
804 2043 878 2082 illa,
913 2054 975 2075 non
998 2055 1018 2075 a
1039 2043 1230 2084 Palmyrena
1251 2046 1387 2086 repetita
1408 2051 1466 2076 est.

492 2117 523 2144 4.
567 2113 789 2146 Litterarum'
779 2125 812 2146 ιιι
836 2113 1019 2146 Phoeniciis
1041 2115 1250 2156 capitatarum
1272 2113 1374 2152 Beth,
1398 2114 1534 2154 Daleth,
1559 2115 1661 2158 Caph,
1686 2115 1775 2154 Ain,
1798 2115 1906 2147 Rescli
1931 2115 1985 2148 hic

366 2170 462 2201 etiam
491 2168 646 2201 habemus
675 2170 795 2201 formas
817 2169 974 2212 capitibus
995 2181 1131 2212 superne
1153 2172 1290 2213 apertis:
1322 2172 1355 2202 iu
1378 2170 1486 2203 multis
1509 2178 1614 2203 autem
1637 2170 1736 2204 titulis
1759 2173 1928 2214 praecipue
1950 2173 1984 2204 in

368 2224 538 2263 Romanis,
570 2227 673 2267 capita
696 2225 789 2267 plane
812 2234 1025 2278 evanuerunt,
1056 2234 1092 2258 ut
1113 2228 1145 2258 in
1167 2228 1329 2270 quadrata.
1372 2226 1436 2259 Ain
1459 2228 1557 2266 adeo,
1587 2228 1671 2270 quod
1692 2229 1725 2260 in
1741 2226 1985 2261 Oxoniensibus

367 2280 502 2323 figuram
532 2282 716 2322 quadratam
747 2282 858 2320 habet,
894 2285 927 2315 in
958 2282 1112 2315 Romanis
1140 2295 1210 2316 eam
1241 2285 1304 2315 iam
1332 2284 1468 2315 formam
1490 2283 1640 2323 exhibet,
1675 2294 1756 2326 quae
1777 2285 1810 2315 in
1831 2283 1987 2325 Syrorum

367 2338 523 2380 scriptura
544 2337 736 2380 Estrangelo
759 2339 844 2370 dicta
866 2338 1006 2382 xulgaris
1029 2347 1087 2371 est.
1111 2360 1149 2364 —
1179 2341 1235 2373 He
1259 2342 1291 2372 in
1314 2341 1520 2382 inscriptione
1542 2339 1686 2372 Romana
1708 2339 1843 2381 Palmyr
1863 2340 1987 2372 Graeca

367 2394 529 2425 variarum
551 2392 727 2436 figurarum
749 2396 971 2436 antiquissima
992 2403 1042 2427 est
1063 2403 1095 2428 et
1116 2398 1274 2440 originem
1291 2407 1383 2429 suam
1398 2407 1441 2428 ex
1455 2398 1612 2440 scriptura
1625 2395 1794 2439 phoenicia
1815 2396 1875 2438 (cf.
1889 2398 1987 2429 etiam

368 2449 424 2481 He
445 2449 618 2492 fragmenti
640 2449 872 2492 Taurinensis)
895 2452 1015 2493 prodit:
1039 2463 1081 2484 ex
1103 2454 1215 2485 eadem
1238 2460 1342 2484 ortum
1363 2452 1416 2484 He
1438 2454 1609 2496 quadratae
1628 2454 1817 2495 scripturae.
1848 2472 1886 2478 -
1921 2453 1989 2486 Jod

369 2504 501 2548 reliquis
529 2505 628 2538 multo
659 2507 762 2538 maius
790 2508 825 2539 in
854 2508 966 2540 eodem
997 2507 1089 2540 titulo
1120 2519 1306 2551 comparens
1335 2510 1446 2542 itidem
1468 2510 1576 2552 parvis
1597 2508 1709 2552 figuris
1732 2506 1899 2552 antiquius
1915 2520 1987 2542 esse

422 2636 451 2670 a)
474 2637 543 2664 Vide
560 2638 637 2672 Kopp
656 2638 694 2672 11,
710 2645 770 2674 pag.
788 2636 846 2676 104.
