2242 2976
572 279 689 313 NUMI
711 279 964 314 PHOENICES
987 279 1218 314 PROPRIAE.
1261 279 1302 312 V.
1324 278 1581 312 MARATHUS.
1816 282 1891 319 273

267 377 336 420 qui:
364 374 643 415 „Marathenses‚
673 376 795 418 inquit,
819 385 930 407 aeram
953 373 1200 406 Seleucidarum
1222 375 1254 405 in
1271 374 1376 405 numis
1386 374 1454 405 suis
1467 373 1653 406 adhibuisse
1668 374 1743 406 inde
1761 373 1890 418 colligo,

265 431 349 475 quod
380 443 494 464 numos
522 443 597 464 suos
626 443 711 464 anno
736 434 796 464 166
828 433 957 474 signare
987 432 1156 463 desierint:
1197 430 1258 462 hoc
1282 441 1358 462 vero
1381 441 1466 462 anno
1488 441 1582 462 aerae
1605 429 1824 462 Seleucidicae
1848 431 1888 464 ab

263 488 484 520 Aradensibus
513 489 638 520 insidiis
670 490 744 520 victi
773 495 848 520 sunt
879 499 1051 530 eorumque
1080 498 1157 530 ager
1179 489 1262 518 inter
1285 488 1421 518 victores
1444 493 1530 519 sorte
1552 487 1686 519 divisus.
1731 486 1782 519 Cf.
1805 488 1889 529 Foy-

262 544 409 576 Vaillant
423 544 582 577 Seleucid.
606 545 682 587 imp.
701 556 730 587 p.
746 547 841 577 249.“
885 544 944 576 Cui
967 544 1095 587 quidem
1117 545 1319 575 coniecturae
1342 545 1510 586 quominus
1533 543 1775 586 adstipulemur,
1799 544 1890 586 plura

263 608 338 633 sunt
359 613 440 645 quae
463 613 522 633 nos
544 602 728 644 impediant.
771 600 918 643 Namque
935 603 1096 642 primum,
1129 611 1307 643 quanquam
1329 599 1526 632 Vaillantius
1540 600 1561 632 l.
1581 611 1606 631 c.
1636 600 1772 632 Diodori
1788 600 1890 634 Siculi

264 657 336 699 (vel
366 659 472 700 potius
501 657 650 699 Polybii)
687 659 903 689 narrationem
938 657 977 688 de
1012 656 1206 688 Aradiorum
1240 657 1366 688 insidiis
1395 663 1481 687 recte
1510 657 1550 688 ad
1579 656 1760 689 Alexandri
1790 657 1889 691 Baiae

263 722 407 757 tempora
428 714 537 746 retulit
554 714 779 756 (Ammonium
796 715 881 745 enim
895 712 1095 745 Mai-athenis
1109 713 1169 745 sub
1190 712 1376 744 Alexandro
1391 711 1471 744 Bala
1484 714 1670 755 imperasse,
1693 724 1735 746 ex
1748 714 1889 757 Josepho

249 757 405 810 constat,
432 770 610 803 Archaeoh
626 770 730 810 XIII,
752 774 774 802 4
795 772 823 809 §.
848 771 906 811 6),
935 771 1066 801 minime
1089 777 1195 802 tamen
1219 780 1261 801 ex
1283 771 1345 801 ista
1367 768 1523 801 relatione
1547 771 1770 812 consequitur,
1801 771 1887 813 quod

263 827 352 859 addit
364 826 580 866 Vaillantius,
604 826 660 858 illo
682 828 754 869 ipso
777 833 920 868 tempore
942 825 1080 857 Aradios
1103 827 1136 857 vi
1159 827 1357 868 oppressisse
1373 826 1600 865 Marathenos,
1627 833 1737 858 contra
1759 828 1792 858 in
1810 826 1890 860 haec

263 883 362 916 verba
390 884 506 916 desinit
534 883 714 915 Diodorus:
752 882 781 915 οἶ
810 883 844 914 δὲ
869 882 1007 925 Ἀράδιοι
1035 882 1158 925 γνόντες
1188 881 1239 914 διὰ
1267 885 1328 914 τῶν
1357 882 1561 915 κατασκόπων
1588 882 1804 924 μεμηνυμένην
1833 884 1889 926 τὴν

261 940 345 971 ἰδίαν
366 939 531 980 ἐπιβολήν,
554 939 746 982 ἀπέστησαν,
775 942 830 981 τῆς
852 939 903 971 (διὰ
925 942 988 971 τῶν
1010 939 1179 971 ἐπιστολῶν
1202 939 1394 980 κακουργίας.
1438 939 1536 971 Haud
1559 939 1660 972 multo
1682 947 1754 982 post
1775 940 1888 973 urbem

263 994 304 1027 ab
326 995 457 1027 Aradiis
480 1003 604 1039 captam
626 1003 657 1028 et
679 1007 774 1038 agros
795 1002 882 1027 sorte
904 995 1027 1026 divisos
1049 1006 1141 1033 esse,
1172 1005 1214 1026 ex
1237 994 1395 1026 Strabone
1418 1003 1543 1028 constat
1564 996 1614 1038 (v.
1637 996 1772 1038 supra):
1806 999 1909 1039 quod&

262 1052 292 1084 si
314 1052 592 1098 eodem-tempore
614 1051 694 1083 illud
716 1052 834 1083 factum
858 1057 963 1089 esset,
1004 1061 1024 1081 a
1052 1050 1198 1082 Diodoro
1229 1051 1331 1082 omitti
1360 1063 1425 1083 uon
1450 1053 1613 1093 potuisset.
1663 1051 1715 1083 De
1744 1060 1890 1097 tempore

262 1109 360 1151 igitur
381 1107 525 1139 Mai-athi
539 1108 642 1140 excisi
656 1107 703 1139 nil
717 1114 857 1146 constat,
886 1114 922 1138 ut
937 1113 1022 1138 recte
1038 1106 1188 1138 observat
1205 1105 1395 1138 Mannertus
1411 1106 1472 1145 vl,
1489 1110 1503 1138 1
1525 1119 1554 1150 p.
1578 1110 1650 1141 395.
1694 1109 1786 1142 Dein
1804 1112 1890 1153 quod

262 1163 482 1206 Lindbergius
503 1165 598 1203 dicit,
620 1164 830 1196 Maratheuos
851 1174 968 1195 numos
990 1174 1084 1194 cusos
1107 1173 1178 1194 esse
1202 1173 1302 1205 usque
1324 1164 1363 1194 ad
1386 1174 1504 1195 annum
1530 1167 1602 1203 166,
1624 1166 1658 1197 id
1684 1166 1773 1198 nullo
1796 1179 1893 1210 argu-

263 1227 371 1253 mento
394 1221 486 1252 dixit.
537 1218 652 1262 Neque
682 1220 764 1252 mihi
793 1226 868 1251 nota
891 1226 966 1251 sunt
987 1218 1101 1250 horum
1125 1230 1296 1250 humorum
1325 1219 1490 1262 exempla,
1526 1222 1580 1263 qui
1602 1232 1769 1254 numerum
1793 1230 1892 1266 supra'

264 1276 375 1308 CVIII
389 1276 614 1308 ascendentem
630 1277 692 1308 sibi
710 1277 898 1319 inscriptum
915 1275 1073 1314 habeant,
1098 1286 1200 1317 neque
1217 1275 1434 1318 Lindbergius
1452 1275 1547 1308 huius
1561 1280 1689 1319 generis
1706 1280 1889 1322 exemplum

262 1333 427 1365 indicavit.
473 1332 627 1374 Denique
648 1333 819 1371 faciamus,
851 1331 964 1364 urbem
985 1342 1071 1363 anno
1094 1331 1161 1363 fere
1186 1335 1247 1363 166
1270 1333 1407 1364 dirutam
1430 1343 1520 1371 esse,
1545 1341 1577 1365 et
1599 1341 1726 1366 exstare
1742 1336 1889 1379 exempla

264 1399 454 1428 numm-um,
477 1389 530 1431 qui
553 1389 624 1431 ipso
647 1398 731 1419 anno
755 1391 817 1420 166
840 1390 910 1420 cusi
933 1389 1014 1426 sint,
1038 1388 1112 1430 quid
1135 1389 1211 1419 inde
1236 1390 1398 1431 sequitur,
1423 1400 1516 1431 quam
1533 1401 1627 1432 posse
1642 1401 1745 1422 annos
1760 1392 1800 1424 ab
1815 1403 1890 1424 aera

262 1445 503 1478 Seleucidarum
527 1445 722 1487 computari:
749 1445 807 1476 sed
828 1451 976 1487 poterant
997 1446 1094 1476 etiam
1116 1444 1157 1476 ab
1178 1444 1243 1476 alia
1264 1456 1455 1488 quacunque
1477 1448 1656 1489 computari
1678 1458 1754 1479 aera
1777 1448 1888 1481 Seleu-

261 1503 405 1535 cidarum
429 1502 603 1533 anteriore.

396 1558 511 1590 Tertia
540 1556 732 1600 epigraphe,
771 1557 811 1589 de
838 1559 928 1590 cuius
958 1563 1147 1600 argumento
1179 1559 1243 1588 non
1275 1564 1416 1597 constat,
1455 1558 1580 1590 duabus
1610 1559 1752 1591 tribusve
1773 1560 1888 1594 litteris

264 1615 463 1653 continetur,
493 1625 574 1656 quae
601 1613 642 1645 ab
673 1620 806 1656 utraque
827 1620 917 1656 parte
938 1612 1062 1656 figurae
1085 1624 1103 1644 e
1125 1614 1257 1656 regione
1280 1613 1348 1645 fere
1371 1625 1500 1646 crurum
1521 1616 1566 1646 ita
1587 1617 1711 1658 positae
1736 1618 1818 1657 sint,
1855 1625 1890 1650 ut

264 1682 395 1703 numum
417 1671 633 1702 consideranti
656 1681 697 1701 ex
719 1671 855 1702 adverso
879 1672 952 1702 sint.
1004 1669 1109 1713 Atque
1132 1669 1211 1701 haec
1234 1671 1361 1712 quidem
1382 1671 1556 1713 epigraphe
1578 1673 1610 1703 in
1633 1671 1706 1704 aliis
1731 1674 1887 1716 exemplis

264 1727 329 1759 alia
350 1734 415 1765 est,
445 1726 543 1758 veluti
565 1726 627 1758 litt.
653 1727 682 1757 A
705 1734 779 1771 71³,
808 1726 870 1758 litt.
896 1726 922 1758 B
946 1735 1010 1765 ΠΒ,
1039 1717 1100 1759 lit't.
1123 1725 1150 1757 C
1171 1734 1191 1758 a
1215 1726 1292 1768 (ubi
1315 1727 1415 1758 altera
1437 1727 1543 1759 littera
1566 1729 1739 1770 evanida),
1769 1729 1827 1762 litt.
1856 1730 1887 1762 D

265 1793 313 1817 Μ
329 1807 338 1821 ,
381 1782 442 1815 litt.
480 1783 508 1814 Ε
546 1792 589 1816 ων
628 1783 721 1824 (w),
767 1783 826 1814 litt.
854 1783 878 1813 F
910 1790 998 1826 75³,
1038 1781 1099 1813 litt.
1136 1782 1165 1814 G
1195 1790 1254 1822 na,
1299 1783 1360 1815 litt.
1398 1784 1442 1815 H.
1482 1793 1522 1823 κ,
1561 1783 1621 1816 litt.
1657 1784 1672 1816 Ι
1709 1793 1774 1819 sn:
1814 1786 1887 1828 (2);

266 1840 325 1872 litt.
348 1839 381 1872 Κ
405 1847 452 1873 nm
476 1838 518 1870 al.
564 1838 649 1877 Quid
673 1850 730 1870 eae
753 1838 954 1881 significent,
993 1838 1122 1871 difficile
1145 1846 1194 1870 est
1216 1839 1312 1871 dictu.
1357 1839 1503 1883 Namque
1527 1840 1667 1873 valorem
1692 1844 1782 1874 numi
1805 1844 1890 1875 indi-

265 1907 338 1928 care
371 1897 427 1927 vix
455 1902 610 1938 possunt,
639 1906 734 1938 quum
757 1902 846 1927 tanta
867 1895 980 1927 harum
1002 1895 1177 1928 litterarum
1202 1897 1387 1934 diversitas,
1422 1898 1510 1928 numi
1532 1904 1638 1929 autem
1662 1909 1772 1931 omnes
1794 1900 1888 1931 aenei

265 1960 298 1984 et
325 1952 469 1984 eiusdem
500 1952 568 1983 fere
597 1951 718 1983 moduli
740 1953 831 1998 sint..
872 1952 1010 1984 Possunt
1038 1964 1114 1984 vero
1144 1964 1199 1995 per
1229 1953 1453 1995 compendium
1483 1955 1728 1996 magistratuum
1758 1956 1888 1987 nomina

264 2009 422 2041 indicare:
458 2019 538 2051 quae
564 2009 692 2050 quidem
721 2009 906 2039 coniectura
935 2019 974 2040 eo
1006 2010 1263 2048 commendatur,
1301 2010 1385 2052 quod
1407 2010 1495 2041 numi
1519 2010 1662 2042 eiusdem
1684 2011 1752 2043 fere
1776 2013 1888 2044 aetatis

264 2066 392 2098 easdem
414 2064 537 2096 litteras
560 2064 680 2096 habere
705 2063 828 2103 solent,
867 2064 906 2095 cf.
930 2064 991 2096 litt.
1015 2065 1045 2097 A
1064 2073 1096 2097 et
1119 2065 1157 2097 C.

391 2121 464 2153 Hae
492 2128 599 2152 autem
629 2119 754 2152 litterae
784 2120 940 2163 singulari
968 2123 1094 2154 cuidam
1128 2128 1160 2154 et
1188 2123 1365 2154 inveterato
1392 2123 1497 2153 errori
1525 2133 1636 2155 ansam
1659 2124 1886 2167 praebuerunt,

265 2179 320 2220 qui
341 2178 469 2209 tandem
493 2189 535 2209 ex
557 2176 871 2220 palaeographorum
894 2179 1010 2210 animis
1026 2178 1212 2210 evellendus
1230 2184 1288 2210 est.
1334 2178 1462 2209 Etenim
1478 2177 1740 2221 Barthelemyus,
1764 2182 1886 2224 primus

266 2232 379 2266 horum
415 2245 583 2266 numorum
620 2235 797 2276 interpres,
842 2244 884 2265 ex
919 2235 988 2265 eius
1020 2236 1149 2276 generis
1179 2234 1336 2277 exemplis
1364 2235 1528 2275 iudicans,
1567 2237 1600 2268 in
1632 2236 1747 2279 quibus
1776 2239 1888 2268 tertiae

266 2290 457 2333 epigraphes
481 2291 584 2332 prima
604 2289 711 2321 littera
735 2291 774 2331 (a
796 2296 886 2333 tergo
910 2289 1032 2332 figurae
1056 2299 1088 2323 et
1107 2293 1199 2323 iuxta
1227 2291 1296 2323 Tau
1315 2292 1401 2323 vocis
1417 2300 1490 2327 nv:
1506 2293 1632 2336 posita)
1655 2294 1726 2324 Ain
1748 2300 1816 2325 erat
1839 2293 1888 2335 (v.

266 2344 413 2378 Mionnet
436 2346 478 2389 pl.
501 2350 541 2379 23
566 2358 618 2379 no.
636 2349 686 2378 13.
704 2349 752 2379 17.
770 2350 820 2378 21.
836 2350 887 2378 22.
904 2349 953 2378 23.
977 2346 1102 2379 Dutens
1121 2347 1163 2387 11,
1182 2352 1200 2379 2
1222 2347 1278 2390 fig.
1294 2350 1324 2379 5.
1340 2348 1392 2389 6),
1415 2348 1478 2380 hoo
1500 2350 1572 2382 Ain
1594 2360 1664 2380 cum
1686 2348 1800 2381 litteris
1817 2359 1888 2385 nnn

267 2401 447 2444 copulavit,
490 2403 643 2446 urbisque
674 2413 789 2434 nomen
819 2401 897 2445 legit
918 2411 1010 2437 svn-272
1044 2403 1155 2445 (lettre
1178 2405 1197 2434 a
1220 2402 1395 2446 Olivieri)‚
1435 2417 1527 2448 quarn
1551 2405 1722 2437 lectionem
1744 2413 1889 2447 repetunt

266 2465 390 2499 praeter
411 2458 630 2500 Tychsenium
645 2460 672 2501 ¹⁶)
696 2470 817 2498 omnes,
841 2466 874 2490 ut
894 2459 1096 2499 Pellerinius,
1118 2459 1305 2499 Daumius,
1330 2460 1518 2501 Eckhelius,
1544 2473 1644 2504 usque
1666 2463 1704 2493 ad
1728 2461 1886 2504 Koppium

268 2516 339 2556 (II,
360 2529 389 2559 p.
406 2520 508 2559 216),
536 2520 588 2561 qui
613 2529 730 2551 novum
755 2530 894 2551 errorem
919 2520 1016 2552 addit.
1059 2520 1090 2557 Is
1113 2521 1199 2552 euim
1220 2531 1280 2562 pro
1302 2520 1373 2552 Ain
1397 2522 1491 2552 etiam
1516 2522 1604 2564 Φ
1635 2522 1803 2552 inveniens
1823 2522 1841 2551 i>
1861 2531 1888 2551 e.

322 2638 347 2671 ⁸)
366 2640 567 2669 Bellermannus
583 2643 700 2676 (111‚18)
716 2643 810 2669 saltem
827 2642 962 2675 concedit,
980 2651 1040 2670 esse
1058 2653 1170 2678 numos,
1187 2645 1215 2671 iu
1232 2644 1327 2678 quibus
1346 2644 1419 2670 urbis
1438 2652 1536 2671 nomen
1555 2645 1625 2669 3757:
1645 2644 1769 2671 scribitur
1788 2645 1891 2672 ,ΗΠΒ-

1462 2697 1501 2726 35
