2242 2976
375 242 662 283 NUMIPUNICI
684 242 905 276 AFRICANI.
951 242 990 275 A.
1013 242 1130 276 NUMI
1153 242 1319 276 REGUM.
1362 242 1461 275 XXI.
1485 241 1592 275 IUBA
1615 242 1772 275 MINOR.
1839 245 1912 280 317

290 339 362 378 Jol,
402 350 496 382 quam
526 337 604 369 Iuba
632 337 662 369 ΙΙ
698 340 774 370 novi
811 339 901 381 regni
937 339 1059 380 regiam
1095 339 1203 370 sedem
1240 338 1377 377 fecerat,
1413 339 1505 370 novis
1536 336 1691 369 aedificiis
1720 345 1853 368 auxerat
1880 344 1912 368 et

290 394 482 427 Caesaream
513 393 730 437 appellaverat
759 393 867 435 (Mela
891 397 920 432 1,
944 397 974 427 6.
1013 394 1130 426 Strabo
1153 394 1270 433 XVII,
1294 405 1367 437 pag.
1394 395 1512 436 1188),
1542 406 1562 426 a
1584 396 1675 426 cuius
1697 395 1820 425 oriente
1842 400 1911 424 erat

287 462 456 484 commune
471 452 580 494 regiae
595 452 700 493 gentis
721 457 960 483 monumentum
984 450 1093 492 (Mela
1107 450 1133 488 1.,
1145 451 1211 492 0.),
1236 452 1389 493 cuiusque
1406 461 1521 482 nomen
1542 451 1677 482 latinum
1694 450 1859 482 Caesarea
1875 450 1908 480 in

288 507 386 539 huius
402 509 502 549 ipsius
516 509 602 550 regis
617 518 714 539 numo
737 514 843 539 exstat
864 506 1018 549 (Eckhel.
1043 506 1103 546 IV,
1123 519 1156 550 p.
1179 507 1270 548 156).
1315 508 1480 549 Perpetui
1499 514 1594 550 atque
1618 510 1751 539 aeterni
1770 505 1910 548 epitheto

287 563 444 596 Numidas
458 565 490 595 in
506 564 578 603 diis,
595 564 736 606 regibus,
758 565 868 606 regnis
884 574 1077 606 magnopere
1094 563 1270 597 delectatos
1286 574 1357 595 esse
1373 565 1511 596 vidimus
1526 566 1621 596 inscr.
1635 563 1766 595 Numid.
1784 566 1812 600 1,
1829 566 1857 594 2.
1871 582 1909 587 —

289 619 380 658 Quae
403 631 582 663 quanquam
604 621 682 651 satis
705 619 873 651 credibilia
891 626 982 658 sunt,
1005 630 1070 651 non
1093 619 1278 658 dissimulo,
1301 619 1381 652 mihi
1405 619 1574 662 displicere
1596 620 1730 651 formam
1754 619 1910 661 participii

289 685 376 720 erip,
414 676 455 708 ab
481 676 651 708 Hebraeae
674 683 706 707 et
728 675 921 707 Phoeniciae
943 675 1077 719 linguae
1107 675 1214 708 indole
1245 675 1382 707 alienam
1413 682 1446 707 et
1474 676 1552 708 solis
1575 677 1744 707 Aramaeis
1767 674 1912 707 dialectis

289 734 469 776 propriam,
499 743 592 775 quam
615 739 651 764 ut
670 733 704 764 in
727 731 900 775 epigraphe
923 732 1044 764 Punica
1067 733 1248 771 admittam,
1279 743 1343 764 non
1364 733 1428 764 nisi
1448 734 1639 764 necessitate
1661 739 1796 774 urgente
1819 743 1838 763 a
1860 742 1910 763 me

286 791 434 832 impetro.
479 788 575 820 Haud
602 790 669 821 scio
698 789 797 829 igitur
827 799 868 820 an
898 789 1004 820 media
1034 788 1225 832 epigraphes
1257 800 1323 820 vox
1350 790 1398 820 ita
1420 789 1590 821 scribenda
1612 790 1672 828 sit,
1709 789 1827 820 utssfeci
1848 788 1908 820 litt.

290 845 315 877 C
333 845 400 884 bis,
432 851 524 888 atque
547 844 683 887 legenda
705 854 781 879 iver-³
804 844 928 887 (Aleph
954 845 1050 877 huius
1071 845 1193 877 formae
1215 846 1248 878 in
1271 847 1343 888 ipso
1365 856 1414 878 vc.
1433 855 1508 882 uns-a
1532 847 1605 878 vide
1626 847 1659 878 in
1676 857 1761 877 num.
1780 845 1908 877 Heracl.

289 902 352 934 litt.
378 902 445 943 E),
475 907 509 932 ut
530 903 655 948 integra
678 901 853 944 epigraphe
875 901 954 933 haec
976 903 1034 933 sit:

623 978 712 1011 1⁸:372
737 985 812 1011 ivn-i
834 985 878 1011 n:
1226 979 1336 1011 domus
1362 982 1483 1021 capitis
1504 982 1613 1022 regni,

288 1066 349 1098 qua
375 1053 537 1086 locutione
566 1057 665 1096 regia
687 1060 719 1085 et
740 1053 833 1086 aedes
854 1056 990 1096 imperii
1009 1053 1123 1085 melius
1146 1055 1242 1085 etiam
1265 1056 1500 1096 exprimeretur
1523 1055 1583 1096 (cf.
1606 1056 1645 1087 ad
1668 1054 1737 1087 Iub.
1760 1055 1774 1086 Ι
1797 1067 1826 1097 p.
1849 1057 1909 1087 315

287 1109 412 1154 Tripol.
427 1109 464 1142 F.
508 1109 559 1141 Ab
578 1109 630 1142 his
644 1112 752 1153 igitur,
776 1111 829 1152 qui
847 1111 935 1141 numi
950 1111 1050 1152 ipsius
1066 1111 1274 1142 examinandi
1289 1112 1560 1153 opportunitatem
1576 1110 1707 1150 habent,
1728 1111 1910 1143 humaniter

285 1174 376 1210 peto,
402 1174 437 1198 ut
457 1167 585 1198 videant
606 1177 681 1197 num
705 1165 882 1198 litterarum
904 1166 1017 1198 ductus
1040 1167 1073 1197 in
1097 1168 1203 1198 numis
1226 1168 1390 1209 conspicui
1412 1169 1615 1199 coniecturae
1638 1167 1767 1199 faveant
1783 1178 1841 1198 nec
1860 1178 1909 1198 ne.

415 1235 444 1263 2.
490 1230 590 1262 REX.
614 1230 734 1262 IVBA.
784 1231 891 1272 Caput
913 1232 1058 1262 iuvenile
1081 1231 1299 1263 diadematum
1320 1232 1365 1263 ad
1379 1232 1408 1263 d.
1431 1231 1457 1274 )(
1490 1231 1596 1273 Caput
1611 1231 1780 1264 barbatum
1797 1233 1911 1263 adver-

286 1300 371 1328 sum,
402 1287 443 1319 ab
466 1294 600 1329 utraque
623 1294 713 1329 parte
735 1294 800 1319 tres
822 1284 959 1320 litterae.
1005 1286 1091 1318 Vide
1115 1299 1245 1319 numum
1268 1287 1328 1319 litt.
1350 1287 1401 1326 D,
1434 1294 1469 1319 ut
1492 1298 1565 1319 enm
1580 1283 1680 1320 edidit
1697 1288 1828 1320 Falbius
1843 1287 1866 1319 l.
1884 1298 1910 1319 c.

286 1357 339 1378 uo.
363 1348 421 1383 10,
452 1351 484 1376 et
505 1343 700 1386 epigraphen
723 1345 895 1386 separatim
916 1343 978 1375 litt.
996 1343 1024 1375 E
1041 1354 1082 1375 ex
1098 1346 1287 1376 auctoritate
1303 1344 1495 1386 Lindhergii
1518 1346 1567 1386 (p.
1587 1347 1670 1385 22),
1694 1346 1748 1386 qui
1763 1343 1910 1385 exempla

285 1404 319 1434 in
342 1401 557 1433 Muenna-tet
578 1399 769 1431 Thomsenii
792 1399 1049 1442 numophylaciis
1073 1401 1161 1432 vidit.

413 1454 635 1498 Idem'caput
665 1456 834 1488 barbatum
863 1456 1043 1489 adversum.
1080 1457 1107 1498 )(
1142 1457 1241 1489 Inter
1270 1467 1364 1488 uvam
1393 1461 1426 1488 et
1455 1459 1576 1499 spicam
1599 1458 1705 1489 stella.
1751 1456 1854 1498 Supra
1877 1463 1910 1486 et

285 1514 369 1546 infra
391 1515 502 1545 eadem
525 1512 718 1555 epigraphe,
742 1513 816 1544 vide
838 1512 899 1544 litt.
922 1512 953 1545 D
969 1513 1028 1545 bis.
1050 1512 1086 1544 F.
1110 1512 1149 1544 G.
1174 1512 1292 1555 (Falbe
1314 1512 1336 1544 l.
1352 1524 1378 1544 c.
1401 1524 1455 1545 no.
1482 1516 1532 1545 11.
1558 1517 1606 1544 12.
1631 1514 1701 1554 13).
1725 1500 1767 1545 ff
1791 1511 1908 1554 (Falbe

288 1570 423 1614 no.'14‚
455 1569 510 1601 ubi
533 1569 585 1600 hic
609 1580 722 1601 numus
743 1570 873 1601 inverso
896 1570 1008 1601 ordine
1031 1569 1123 1611 stat).

413 1626 484 1658 Hos
520 1636 654 1664 numos,
693 1625 744 1668 qui
782 1626 836 1657 diu
871 1627 1001 1657 incertis
1039 1625 1217 1668 Hispaniae
1246 1627 1446 1658 annumerati
1477 1633 1568 1665 sunt,
1606 1633 1691 1658 recte
1719 1625 1849 1657 Africae
1879 1631 1910 1656 et

285 1684 451 1726 speciatim
481 1683 608 1724 quidem
631 1681 730 1713 Iubae
753 1683 868 1713 minori
893 1683 1095 1714 vindicarunt
1116 1682 1332 1724 Lindhergius
1356 1691 1387 1714 et
1409 1683 1434 1714 F
1436 1682 1560 1721 albius,
1596 1682 1678 1713 bene
1700 1688 1909 1724 provocantes

287 1741 335 1772 ad‘
356 1750 487 1771 numum
514 1737 574 1769 litt.
597 1737 648 1776 D,
686 1738 740 1779 qui
768 1739 901 1769 eandem
926 1737 1023 1769 habet
1048 1738 1242 1781 epigraphen
1266 1746 1360 1782 atque
1382 1739 1418 1771 F.
1445 1739 1483 1770 G.
1507 1739 1540 1770 H
1563 1746 1594 1770 et
1615 1738 1712 1770 Iubae
1735 1749 1850 1770 nomen
1873 1740 1906 1769 in

287 1798 393 1828 antica
415 1795 517 1838 gerit,
545 1794 597 1825 cni
620 1793 743 1825 accedit
764 1794 848 1835 quod
874 1804 986 1825 omnes
1010 1793 1044 1825 hi
1067 1796 1156 1826 numi
1179 1806 1220 1826 ex
1241 1795 1354 1827 Africa
1375 1795 1464 1827 allati
1488 1802 1572 1827 sunt.
1618 1795 1712 1833 Quod
1735 1797 1847 1826 attinet
1870 1795 1910 1826 ad

286 1854 411 1895 spicae,
446 1861 525 1882 uvae
555 1857 586 1881 et
615 1848 727 1881 stellae
756 1848 967 1887 emblemata,
1004 1861 1043 1881 ea
1065 1852 1097 1882 in
1121 1851 1300 1896 Hispaniae
1324 1854 1429 1883 numis
1452 1842 1582 1883 omnino
1604 1852 1783 1894 frequentia
1806 1853 1908 1894 iisque

287 1918 387 1951 paene
412 1908 539 1949 propria
559 1913 634 1938 sunt
656 1907 704 1947 (v.
726 1905 852 1938 Eckhel
874 1906 917 1938 D.
940 1905 981 1939 N.
1004 1906 1029 1944 Ι,
1052 1918 1083 1949 p.
1107 1910 1143 1939 7.-
1161 1911 1211 1939 22.
1236 1910 1286 1939 23.
1310 1912 1360 1940 24.
1382 1911 1433 1940 25.
1456 1911 1507 1940 26.
1532 1911 1583 1940 27.
1606 1910 1656 1939 29.
1680 1909 1759 1949 31),
1795 1915 1907 1950 utpote

287 1965 326 1997 ad
354 1965 514 2006 insignem
544 1962 720 2005 Hispaniae
749 1964 911 1994 interioris
940 1963 1135 1994 fertilitatem
1165 1965 1374 2005 pertinentia:
1410 1965 1467 1996 sed
1490 1966 1642 2003 eandem,
1666 1966 1730 1996 imo
1753 1966 1909 1996 maiorem

285 2022 385 2053 fuisse
414 2020 628 2052 Mauritaniae
658 2019 852 2051 fertilitatem
883 2020 995 2051 docent
1024 2019 1139 2051 Strabo
1178 2019 1318 2062 (XVII,
1348 2032 1376 2063 p.
1404 2024 1525 2063 1187),
1566 2020 1654 2053 Mela
1684 2021 1740 2062 (3,
1772 2023 1830 2063 10)
1866 2020 1906 2052 al.

287 2067 417 2109 {istrum
440 2076 536 2107 etiam
559 2074 636 2106 alibi
659 2086 783 2118 quoque
806 2077 838 2107 in
862 2075 957 2108 Iubae
980 2074 1012 2107 II
1034 2078 1138 2108 numis
1161 2075 1300 2108 habetur
1327 2077 1471 2119 (Eckhel
1489 2077 1546 2116 IV,
1572 2078 1664 2119 156).

413 2139 620 2183 Epigraphen
642 2139 858 2184 Lindhergius
881 2139 901 2173 l.
918 2152 944 2172 c.
968 2152 1002 2173 se
1025 2140 1132 2184 legere
1156 2152 1251 2184 posse
1275 2149 1380 2185 negat.
1426 2142 1584 2185 Equidem
1604 2154 1705 2186 nuper
1726 2142 1906 2185 (palaeogr-

228 2226 229 2229 ,
287 2199 419 2231 Studien
443 2209 474 2240 p.
500 2197 583 2238 101)
608 2207 679 2228 eam
700 2196 766 2239 legi

632 2274 679 2297 ’κν
701 2272 768 2303 nm:
1118 2267 1205 2297 locus
1228 2266 1352 2298 dierum
1374 2276 1515 2298 mearum
1549 2268 1571 2298 i.
1596 2278 1624 2299 e.
1649 2269 1733 2299 vitae
1757 2278 1847 2298 meae

290 2344 371 2365 nunc
393 2343 580 2376 persuasum
604 2339 673 2371 est,
710 2343 780 2364 earn
804 2332 972 2375 legendam
995 2343 1065 2364 esse

552 2410 650 2445 amm
681 2409 764 2461 npn
1115 2402 1220 2438 locus
1253 2407 1300 2449 (s.
1328 2404 1440 2449 urbs)
1471 2404 1578 2440 Solis.

415 2484 465 2515 De
488 2486 591 2526 priore
614 2495 692 2516 voce
710 2485 743 2515 in
760 2484 915 2526 exemplis
933 2484 1096 2517 Falbianis
1110 2485 1141 2517 D
1159 2485 1217 2519 bis.
1232 2485 1268 2517 F.
1285 2485 1314 2518 G
1331 2486 1410 2518 nihil
1428 2487 1515 2518 dubii
1533 2494 1592 2526 est,
1615 2488 1647 2518 in
1663 2487 1904 2528 Lindhergiano

290 2539 346 2571 litt.
372 2539 397 2570 E
419 2540 508 2572 Mem
529 2541 573 2572 ita
595 2542 714 2583 pictum
737 2548 805 2580 est,
837 2548 872 2573 ut
894 2542 1055 2573 inversum
1080 2543 1241 2581 videatur,
1273 2545 1361 2575 cuius
1384 2544 1430 2574 rei
1445 2542 1531 2575 aliud
1546 2543 1727 2585 exemplum
1743 2544 1774 2573 in
1793 2543 1904 2573 eadem

289 2595 395 2627 littera
418 2595 570 2629 habemus
591 2597 652 2629 litt.
684 2597 734 2637 K,
758 2598 813 2630 ubi
838 2599 924 2640 prius
948 2598 1035 2630 Mem
1056 2606 1141 2632 recte
1166 2599 1372 2638 collocatum,
1396 2601 1553 2641 posterius
1571 2601 1731 2631 inversum
1751 2605 1801 2630 est
1821 2599 1831 2639 ζ
1842 2609 1903 2641 qua
