2242 2976
341 274 412 310 192
465 270 598 303 LIBER
613 266 858 301 SECUNDUS.
890 265 1230 300 INSCRIPTIONES
1246 266 1526 302 PHOENlClAE.
1554 269 1702 304 CAPUT
1718 270 1919 303 SEXTUM.

466 370 498 396 4.
544 363 655 394 Restat
685 367 717 393 ut
745 362 842 392 etiam
872 362 904 392 in
935 360 1035 393 altera
1064 363 1284 405 inscriptionis
1315 368 1403 405 parte
1431 363 1550 404 ignotis
1579 362 1816 397 characteribus
1847 366 1963 408 scripta

341 425 426 454 vires
458 426 584 452 nostras
602 417 847 460 periclitemur:
882 419 965 460 quod
999 430 1038 449 ne
1069 430 1087 451 a
1117 418 1191 450 libri
1216 420 1317 451 nostri
1342 417 1499 458 consilio,
1535 419 1619 462 quod
1645 420 1678 451 in
1702 419 1772 452 sola
1791 420 1965 453 Phoenicia

340 479 495 518 scriptura
517 475 707 506 illustranda
729 480 891 513 versatur,
915 473 1051 506 alienius
1075 476 1230 514 videatur,
1251 474 1386 507 lectores
1410 486 1568 507 memores
1591 486 1663 507 esse
1685 475 1844 516 iubemus,
1869 476 1965 509 huius

341 533 556 574 inscriptionis
587 530 728 572 Libycae
758 531 839 562 adeo
868 532 900 562 in
932 531 1053 563 Punica
1081 532 1287 574 inscriptione
1317 538 1402 563 recte
1430 530 1567 574 legenda
1589 538 1620 563 et
1641 533 1895 575 interpretanda,
1931 541 1966 566 ut

341 590 499 626 vidimus,
533 589 753 619 auctoritatem
783 586 883 618 tuisse
914 586 999 618 haud
1029 599 1159 630 prorsus
1188 587 1320 620 nullam.
1351 607 1388 613 —
1435 587 1526 620 Prior
1554 589 1771 631 inscriptionis
1800 589 1903 621 editor
1923 599 1965 622 ue

341 648 380 678 tle
403 646 532 677 nomine
554 644 682 687 quidem
705 650 736 675 et
759 644 860 685 patria
882 642 969 674 illius
992 645 1186 686 scripturae,
1216 646 1307 677 cuius
1329 644 1389 677 hoc
1403 646 1530 677 unicum
1547 656 1565 676 e
1581 651 1685 677 terrae
1699 646 1824 688 gremio
1839 646 1970 678 emersit

341 703 520 745 specimen,
551 711 658 731 veram
682 702 873 732 sententiam
898 701 989 732 dixit.
1045 699 1191 743 Namque
1213 702 1296 743 quod
1320 700 1526 733 Hamakerus
1557 702 1670 743 (diatr.
1696 713 1726 744 p.
1748 702 1812 744 36)
1845 700 1967 734 litteras

342 759 414 791 illas
430 757 699 797 „Celtibericaffi‘
714 764 745 788 et
761 756 996 796 „Celtibera’ca's
1010 758 1156 789 sinclee“
1173 757 1322 800 appellnt,
1341 757 1374 789 id
1388 768 1428 789 ne
1443 757 1483 789 de
1498 759 1593 790 unico
1609 759 1734 801 quidem
1751 759 1821 790 eius
1833 759 1966 801 scriptu-

342 827 396 848 rae
419 816 512 857 signo
535 821 621 845 recte
643 814 704 845 dici
728 820 831 856 potest
859 814 909 855 (v.
933 813 996 845 tab.
1019 821 1118 845 nostr.
1141 813 1198 853 2):
1223 815 1402 856 rectiusque
1426 815 1491 846 iam
1506 814 1703 847 Muenteruae
1725 813 1894 858 (Religion
1909 814 1967 847 der

343 871 528 914 Karthager
550 881 580 913 p.
598 869 662 911 99)
691 877 722 901 et
747 869 994 907 Quatremerius
1016 869 1195 910 (Memoire
1219 881 1274 902 sur
1296 869 1450 913 quelques
1471 871 1677 913 inscriptions
1699 871 1861 914 Puniques
1882 881 1912 913 p.
1929 871 1969 912 ¹)

347 928 486 970 Libycae
507 938 532 959 s.
557 927 717 958 africanas
739 936 794 957 eas
816 925 1027 968 appellarunt.
1079 925 1183 958 Multo
1206 927 1308 970 magis
1337 937 1449 959 omnes
1464 927 1511 958 >de
1534 926 1630 959 huius
1651 927 1851 960 litteraturae
1871 927 1968 959 ratio·

344 985 439 1017 nibus
460 983 652 1025 indagandis
676 983 885 1024 desperarunt
906 985 953 1023 ⁸),
986 993 1164 1024 quanquam
1187 981 1249 1014 hoc
1272 981 1413 1025 plerique
1436 990 1522 1014 recte
1545 983 1784 1022 intellexerunt,
1806 986 1970 1027 utriusque

343 1042 561 1083 inscriptionis
593 1039 727 1070 eandem
751 1050 823 1070 esse
845 1039 1035 1070 sententium
1059 1044 1090 1068 et
1111 1037 1234 1070 litteras
1258 1040 1385 1080 ignotas
1407 1038 1598 1071 Punicarum
1621 1041 1722 1072 instar
1744 1041 1784 1073 ad
1806 1041 1969 1072 sinistram

345 1098 528 1141 procedere.
567 1095 664 1126 Recte
679 1081 763 1126 enim
780 1094 984 1126 Hatnakerus
998 1093 1021 1126 l.
1039 1105 1066 1125 c.
1084 1093 1288 1137 „Utrumque
1305 1105 1346 1127 ex
1362 1096 1464 1138 quarti
1483 1103 1515 1127 et
1530 1097 1631 1138 quinti
1646 1107 1758 1129 versus
1771 1097 1969 1139 inspectione

345 1162 377 1186 et
406 1165 478 1185 cum
509 1152 637 1184 Punicis
669 1150 774 1182 verbis
803 1151 1044 1193 comparatione
1072 1151 1234 1182 discimus.
1287 1149 1371 1182 Nam
1394 1161 1504 1183 versus
1525 1158 1654 1193 quartus
1676 1159 1709 1184 et
1730 1154 1762 1184 iu
1787 1153 1915 1184 Punicis
1936 1158 1970 1183 et

345 1214 378 1243 in
409 1209 615 1241 Celtibericis
638 1207 693 1247 (ἒ)
727 1218 747 1238 a
775 1208 888 1238 dextra
917 1217 1109 1248 progressus
1138 1207 1172 1237 iu
1202 1206 1308 1238 medio
1331 1206 1496 1246 subsistit,
1535 1215 1567 1239 et
1596 1210 1663 1250 pari
1694 1209 1762 1240 fere
1791 1208 1969 1240 litterarum

345 1277 478 1300 numero
499 1248 686 1296 absolvitur.
732 1263 900 1294 Praeterea
923 1263 1066 1294 eiusdem
1089 1273 1201 1294 versus
1222 1270 1254 1294 et
1276 1264 1377 1305 quinti
1398 1262 1509 1295 ultima
1524 1274 1588 1296 vox
1606 1264 1718 1296 eadem
1735 1263 1829 1307 plane
1846 1265 1970 1296 ratione

345 1323 513 1359 scribitur,
550 1330 622 1352 cum
650 1320 683 1350 in
717 1319 846 1350 Punicis
877 1317 1032 1350 vocabula
1060 1318 1102 1350 ab
1125 1329 1190 1350 una
1212 1320 1387 1362 eademque
1408 1320 1516 1351 radice
1537 1321 1673 1363 repetita
1695 1321 1825 1353 eosdem
1846 1308 1972 1363 quoque

345 1390 458 1411 versus
487 1376 678 1408 claudant.“
722 1375 787 1407 Sed
816 1374 945 1418 longius
973 1376 1068 1407 etiam
1091 1375 1265 1418 procedere
1288 1375 1416 1415 licebit,
1449 1376 1545 1419 idque
1566 1377 1678 1409 eadem
1697 1376 1754 1409 illa
1775 1378 1846 1416 via,
1878 1387 1972 1419 quatu

346 1434 552 1468 Hamakerus
584 1434 647 1463 iam
679 1432 922 1473 ingrediendam
953 1431 1101 1474 putabat,
1138 1439 1173 1463 ut
1194 1443 1213 1463 a
1237 1431 1420 1464 nominibus
1442 1434 1580 1476 propriis
1603 1440 1635 1465 et
1655 1432 1734 1466 locis
1758 1433 1807 1466 bis
1829 1434 1972 1476 repetitis

346 1494 472 1524 initium
495 1490 662 1521 faciamus.
707 1487 791 1519 Ante
814 1498 890 1519 vero
913 1498 1007 1529 quam
1034 1490 1135 1529 ipsum
1151 1488 1212 1520 hoc
1228 1487 1405 1520 litterarum
1422 1488 1656 1533 verborumque
1671 1497 1857 1532 potestatem
1874 1490 1972 1521 extri-

347 1548 443 1581 candi
466 1547 629 1588 negotium
652 1544 863 1586 ingredimur,
889 1544 928 1575 (le
953 1545 1050 1575 variis
1072 1543 1232 1586 exemplis
1251 1544 1389 1576 breviter
1404 1546 1572 1578 dicendum
1589 1554 1645 1578 est.
1689 1545 1836 1588 Namque
1851 1546 1892 1578 ad
1908 1546 1971 1578 duo

347 1605 511 1647 Borgiana
533 1609 564 1632 et
587 1600 812 1642 Templianum
835 1601 868 1631 in
892 1599 952 1631 hac
974 1601 1194 1642 inscriptionis
1223 1607 1312 1642 parte
1344 1601 1467 1632 accedit
1489 1608 1634 1643 quartum
1656 1601 1838 1645 exemplum
1861 1603 1971 1634 nescio

348 1662 439 1693 cuius
462 1657 585 1691 Oxonii
606 1663 806 1689 asservatum
835 1656 895 1696 (de
919 1666 981 1699 quo
1006 1656 1078 1687 vide
1101 1657 1140 1688 ad
1164 1667 1214 1689 no.
1237 1657 1315 1698 55),
1344 1655 1492 1689 mutilum
1514 1658 1641 1701 quidem
1663 1657 1743 1690 illud
1765 1660 1787 1691 i.
1807 1669 1836 1690 e.
1860 1666 1972 1701 quarto

349 1728 443 1748 versu
479 1725 611 1753 carens,
647 1713 703 1745 sed
743 1719 848 1744 tamen
887 1722 951 1744 non
989 1713 1274 1751 contemnendum,
1316 1723 1412 1755 quum
1439 1713 1548 1756 plures
1577 1713 1700 1746 litteras
1731 1714 1849 1747 habeat
1876 1713 1972 1757 plene

348 1775 501 1815 scriptas,
535 1770 590 1802 ubi
613 1768 736 1812 reliqua
759 1766 909 1811 exempla
931 1767 981 1800 vel
1003 1767 1135 1800 lacunas
1158 1768 1209 1800 vel
1231 1779 1336 1801 meras
1357 1768 1537 1802 litterarum
1558 1769 1710 1813 reliquias
1731 1770 1879 1803 offerunt.
1921 1770 1972 1803 Ac

349 1830 413 1861 duo
435 1827 597 1868 Borgiana
619 1823 769 1867 exempla
791 1834 855 1861 non
877 1823 1011 1856 multum
1035 1826 1117 1856 inter
1139 1835 1174 1856 se
1197 1825 1368 1865 differunt,
1400 1826 1464 1859 nisi
1485 1827 1569 1869 quod
1590 1825 1645 1858 lin.
1666 1829 1686 1859 3
1706 1826 1767 1859 litt.
1782 1830 1802 1859 2
1823 1826 1864 1870 (a
1884 1825 1970 1870 fine)

351 1885 448 1926 Bon-g.
467 1883 587 1915 llutub.
612 1882 707 1913 babet
740 1882 791 1932 Η
821 1891 878 1922 pro
899 1879 909 1932 Ι
928 1881 939 1933 Ι
968 1881 1099 1923 (contra
1121 1882 1182 1912 tria
1204 1880 1364 1924 reliqua),
1392 1881 1485 1914 lin.4
1505 1884 1548 1927 0
1572 1882 1654 1914 male
1669 1883 1725 1925 pro
1741 1884 1760 1926 (
1779 1885 1822 1928 0
1845 1906 1855 1923 ,
1877 1882 1935 1917 lin.
1950 1887 1971 1917 7

350 1945 411 1976 litt.
427 1946 445 1975 3
469 1944 501 1983 (a
516 1941 594 1981 fine)
611 1949 721 1972 contra
736 1948 822 1972 recte
838 1948 890 1974 =
907 1954 916 1963 ·
951 1941 1036 1982 (cum
1052 1939 1178 1982 Tetnpl.
1192 1948 1224 1972 et
1240 1939 1365 1982 Oxou.)
1382 1951 1438 1983 pro
1451 1949 1504 1976 =
1521 1943 1640 1973 omisso
1654 1949 1783 1984 puncto.
1827 1942 1971 1986 Utroque

350 2003 384 2032 in
401 2001 585 2031 universum
608 2005 746 2040 praestat
763 1996 989 2038 Templianum
1000 2018 1009 2034 ,
1034 2008 1105 2028 cum
1122 2007 1185 2039 quo
1201 2007 1296 2038 saepe
1310 1998 1457 2038 congruit
1476 1996 1675 2030 Oxonieuse.
1717 1997 1790 2030 Hoc
1802 2000 1901 2041 igitur
1914 2010 1971 2042 pro

349 2056 556 2088 fundamento
572 2055 736 2096 posuimus
751 2053 887 2085 subinde
902 2063 943 2084 ex
959 2052 1089 2095 reliquis
1105 2053 1351 2084 emendandum.
1388 2051 1665 2091 Quemadmodum
1681 2061 1786 2086 autem
1802 2053 1972 2097 Templius

351 2115 385 2145 in
415 2112 543 2143 Punicis
572 2109 743 2142 nonnullas
771 2108 894 2140 litteras
925 2115 1107 2140 constanter
1137 2114 1169 2140 et
1199 2108 1379 2152 ubicunque
1410 2110 1609 2152 reperiuntur
1638 2109 1731 2143 aliter
1753 2112 1856 2154 pingit
1878 2118 1972 2154 atque

353 2172 490 2213 Borgia.
513 2171 558 2200 ita
579 2170 675 2199 etiam
694 2171 726 2200 in
742 2168 891 2210 Libycis:
915 2176 1000 2199 certe
1023 2167 1130 2199 littera
1165 2165 1205 2212 >““(“
1243 2167 1383 2211 Borgiae
1410 2168 1494 2211 apud
1516 2168 1698 2212 Templiutn
1721 2178 1902 2204 constanter
1923 2181 1973 2205 est

369 2232 406 2274 X
426 2256 436 2274 ‚
473 2228 567 2276 9-
608 2227 750 2269 Templii
771 2229 804 2258 in
827 2226 1009 2258 Oxoniensi
1044 2224 1101 2266 3-.

466 2305 527 2337 His
543 2303 749 2346 praemunitis
762 2304 896 2334 eundern
913 2304 996 2334 viam
1012 2304 1163 2346 ingressi,
1185 2313 1266 2345 quae
1278 2302 1523 2344 Akerbladium,
1539 2304 1720 2347 Younginm
1736 2285 1821 2338 etde
1834 2306 1972 2349 Sacyum

405 2431 435 2465 1Ἷ
452 2430 619 2456 Hamakems
644 2429 663 2453 l.
682 2436 705 2453 c.
732 2429 806 2459 Quae
825 2428 846 2451 ri
864 2428 942 2457 magis
963 2429 1075 2459 integrae
1095 2429 1130 2452 aa'
1198 2434 1358 2462 suppeteret,
1379 2427 1450 2460 sorte
1461 2429 1496 2454 ad
1509 2430 1618 2462 aliquam
1633 2430 1706 2454 etiam
1719 2430 1808 2457 harum
1823 2435 1972 2469 litteratum,

358 2487 465 2507 nostram
483 2480 649 2513 pervenissent
670 2480 794 2508 aetatem,
817 2479 860 2499 aut
878 2476 899 2498 si
918 2484 948 2498 m
967 2484 1027 2507 pars
1042 2478 1128 2500 saltem
1198 2485 1302 2509 quarum
1321 2478 1448 2511 hucusque
1466 2478 1596 2508 ignoratur
1610 2482 1738 2510 potestas,
1762 2482 1889 2507 scientiam
1913 2493 1972 2517 per.

357 2535 459 2554 sen-ata
488 2525 596 2559 suisset,
636 2527 659 2550 in
689 2533 739 2558 qua
767 2524 866 2548 nomina
896 2524 1000 2555 propria
1029 2525 1129 2547 Punicis
1198 2525 1283 2548 venire
1301 2534 1345 2557 pos
1347 2535 1438 2550 ssssss
1473 2525 1562 2550 Nunc·
1589 2530 1695 2551 autem
1722 2529 1839 2555 idoneo
1867 2532 1969 2558 adhuc

359 2577 533 2610 respondenda
551 2574 728 2603 occurrebant,
755 2572 890 2604 imprimt's,
915 2571 938 2595 si
954 2571 1043 2595 certior
1061 2572 1130 2595 nobis
1194 2570 1416 2602 fundamento
1436 2582 1595 2605 caremus,
1615 2576 1668 2599 cui
1686 2577 1844 2602 eiusmodi
1863 2589 1969 2613 super-

359 2628 475 2657 linguae,
509 2624 543 2648 ad
563 2631 637 2657 quam
658 2623 707 2647 ista
724 2621 851 2653 inscripta>
874 2620 994 2653 pertinet,
1023 2620 1129 2650 cognitio
1198 2624 1354 2647 struatur
1376 2622 1585 2655 disquisitio.
