2242 2976
334 262 385 299 40
448 257 578 292 LIBER
601 256 776 291 PRIMUS.
817 251 1193 288 PALAEOGRAI’HIA
1213 250 1467 285 PHOENICIA.
1508 250 1657 286 CAPUT
1680 251 1897 286 TERTIUM.

337 354 390 396 (v.
412 352 530 385 Athen,
554 355 585 383 1.
609 350 671 382 Cit.
685 351 736 392 2).
779 349 815 381 In
838 347 917 380 solis
938 346 1007 379 fere
1030 346 1219 389 Hispanicis
1242 351 1275 377 et
1294 343 1475 377 Numidicis
1497 355 1555 377 eae
1576 344 1672 379 huiu-
1693 345 1819 379 litterae
1837 346 1961 380 formae

339 415 541 453 comparent,
574 418 656 450 quae
677 408 763 438 intus
784 411 902 448 puncto
922 402 1061 435 lineisve
1083 404 1225 435 munitae
1246 408 1322 435 sunt

870 455 1466 583 &coboea

339 619 425 662 (sec.
454 620 551 650 inser.
580 615 689 660 Tugg.
721 625 764 648 ex
793 625 903 658 apogr.
934 612 1095 656 Templii‚
1128 616 1207 645 tert.
1235 611 1316 645 ibid.
1336 622 1379 643 ex
1400 621 1509 654 apogr.
1533 607 1716 654 Borgiano,
1745 616 1853 655 quart.
1875 623 1962 646 uum.

339 673 408 707 Bel.
428 674 453 706 F
457 674 486 706 b.
510 672 549 705 G.
581 675 684 715 quint.
708 682 795 703 num.
818 670 889 703 Bel.
911 670 950 703 F.
975 669 1056 702 Gad.
1079 669 1123 702 H.
1160 673 1248 700 sext.
1278 667 1390 700 Carth.
1414 667 1490 709 10),
1524 678 1618 710 quam
1641 668 1743 709 ipsam
1767 668 1809 701 ob
1833 679 1962 702 causam

339 731 444 762 minus
466 729 630 773 probanda
651 734 699 759 est
721 738 760 759 ea
782 728 959 766 sententia,
990 727 1025 758 in
1047 736 1142 769 quam
1164 726 1348 768 ceteroquin
1371 722 1466 755 facile
1485 722 1591 755 delabi
1612 725 1735 766 possis,
1759 723 1819 758 has
1841 725 1963 759 forma·

339 786 444 829 (apud
475 785 616 818 Graecos
646 785 742 816 etiam
772 785 805 815 in
835 783 865 815 Ο
887 782 994 814 littera
1019 782 1174 823 usitatas)
1204 781 1444 823 antiquissimas
1462 786 1496 811 et
1520 781 1645 812 nativas
1667 791 1748 813 ease.
1793 780 1964 815 Caeterum

338 841 443 885 figura
464 841 615 879 secunda,
639 851 720 883 quae
742 841 775 871 in
799 840 1010 882 inscriptione
1033 836 1200 880 Tuggensi
1221 837 1293 870 Ain
1314 843 1381 875 est,
1403 837 1438 868 in
1461 834 1710 879 Carthaginensi
1733 839 1843 881 quinta
1864 840 1966 872 mani·

341 898 457 931 festum
479 905 528 929 est
555 897 633 936 Tet,
664 896 705 928 cf.
727 898 757 935 §-
779 899 831 928 20.

470 963 557 995 Satis
579 961 762 1004 frequentes
785 971 843 992 eae
865 967 941 992 nunt
963 960 1105 998 formae,
1136 969 1270 1002 quarum
1293 958 1398 1029 “zita
1419 958 1452 990 in
1474 968 1600 991 summo
1622 965 1734 1002 aperta
1755 966 1847 999 sunt,
1874 967 1911 993 ut

931 1072 1384 1129 Ovum

342 1174 392 1215 (v.
408 1176 491 1215 cept.
509 1169 612 1203 Melit.
628 1174 657 1202 2.
681 1170 741 1204 Cit.
755 1174 786 1202 2.
807 1169 916 1204 Carth.
932 1173 1039 1203 1—5.
1053 1173 1083 1202 8.
1099 1172 1129 1202 9.
1150 1167 1281 1202 Numid.
1293 1174 1325 1210 4,
1344 1174 1385 1209 2.,
1409 1181 1495 1203 num.
1512 1170 1605 1203 Cilic.
1622 1171 1663 1204 A.
1683 1170 1735 1212 R,
1757 1171 1906 1205 Panorm.
1924 1171 1965 1204 A.
1997 1209 2000 1212 Δ

342 1229 384 1262 A.
399 1227 438 1261 B.
457 1228 495 1259 E.
510 1227 545 1259 F.
562 1226 604 1259 H.
618 1226 650 1264 13
674 1232 737 1259 oct.
760 1227 907 1259 Panorm.
921 1227 964 1261 D.
995 1237 1070 1259 non.
1090 1224 1168 1258 ibid.
1188 1225 1230 1258 G.
1251 1226 1320 1260 dec.
1336 1227 1412 1259 ibid.
1429 1226 1506 1271 C.)‚
1538 1239 1650 1267 rarae,
1673 1239 1755 1271 quae
1778 1228 1884 1268 infra,
1915 1227 1968 1261 vel

344 1295 426 1328 quae
448 1294 545 1326 supra
567 1289 599 1315 et
619 1283 706 1316 infra
727 1290 837 1326 aperta
858 1291 934 1316 aunt

1069 1337 1100 1353 ιι
1190 1335 1222 1352 u

1054 1396 1104 1434 Ο
1173 1388 1232 1436 O

345 1492 477 1534 (undec.
498 1490 610 1523 Gadit.
624 1490 670 1523 Μ.
695 1490 764 1523 Bel.
780 1490 817 1524 C.
839 1491 932 1524 Sabr.
947 1491 983 1524 F.
1013 1493 1147 1526 duodec.
1167 1491 1299 1526 Numid.
1321 1497 1342 1525 4
1367 1487 1425 1526 lin.
1444 1496 1473 1525 2.
1490 1483 1514 1525 3'
1530 1494 1564 1525 in
1586 1495 1743 1534 §annm-1,
1768 1502 1837 1528 nnn
1847 1495 1869 1537 ).

473 1567 510 1599 In
532 1567 610 1612 figg.
631 1572 651 1600 9
675 1576 706 1600 et
730 1571 785 1608 10,
809 1580 889 1612 quae
913 1581 955 1601 ex
980 1570 1104 1603 duobus
1128 1578 1275 1603 monetae
1297 1572 1541 1603 Panormitanae
1564 1571 1721 1615 exemplis
1743 1573 1861 1615 petitae
1882 1579 1968 1613 suut,

347 1625 440 1656 initia
461 1631 646 1666 comparent
669 1624 824 1657 caudulae
847 1626 887 1657 ad
909 1624 1045 1669 figuram
1068 1626 1338 1660 semicircularem
1356 1627 1408 1659 vel
1430 1635 1504 1659 ante
1527 1627 1578 1659 vel
1600 1639 1683 1671 pone
1704 1628 1839 1668 affixae,
1874 1640 1968 1673 quam

346 1680 525 1723 longiorem
553 1679 650 1712 habet
677 1680 741 1713 Ain
771 1682 804 1712 in
836 1682 993 1724 scriptura
1022 1682 1211 1724 Palmyrena
1234 1690 1266 1715 et
1287 1684 1451 1727 quadrata.
1494 1684 1607 1716 Plures
1629 1695 1706 1717 vero
1729 1684 1823 1717 huius
1840 1687 1970 1729 generi·

346 1735 469 1780 figurae
493 1747 557 1768 uon
579 1744 726 1777 exstant,
750 1749 825 1770 nam
847 1738 931 1781 quod
950 1738 1070 1771 formas
1093 1739 1263 1780 caudatus,
1285 1741 1430 1783 adeoque
1452 1740 1665 1784 triangulares
1686 1741 1839 1774 enudata·

1122 1828 1210 1871 Φ

347 1918 380 1948 in
410 1916 516 1946 numis
547 1914 808 1948 Marathensibus
838 1918 996 1959 reperisse
1025 1918 1089 1950 sibi
1120 1919 1180 1950 visi
1208 1925 1284 1951 sunt
1310 1918 1459 1962 Koppius
1486 1925 1518 1950 et
1538 1919 1775 1962 Lindbergius,
1806 1921 1838 1952 id
1862 1931 1971 1953 errore

347 1973 429 2011 niti,
458 1971 543 2002 infra
564 1971 730 2004 docebitur
753 1970 827 2014 (lib.
848 1972 905 2012 111,
930 1984 983 2005 no.
1008 1976 1026 2006 5
1050 1975 1089 2006 de
1111 1976 1218 2007 numia
1240 1974 1533 2016 Marathensibun).
1970 2002 1980 2022 s

395 2053 405 2063 ·
475 2035 528 2068 Ab
551 2034 616 2068 illis
639 2043 745 2068 autem
768 2037 863 2069 modo
885 2037 1037 2070 auriculis
1061 2039 1192 2081 (no.5)
1213 2039 1308 2071 modo
1331 2038 1476 2071 caudulis
1498 2040 1574 2078 (no.
1589 2042 1619 2072 9.
1638 2039 1698 2082 10)
1714 2040 1862 2073 consulto
1878 2041 1972 2074 facti·

349 2091 448 2135 probe
471 2092 699 2124 discernendae
720 2100 795 2125 sunt
813 2093 894 2126 tales
915 2096 985 2126 sive
1010 2094 1172 2126 auriculae
1202 2096 1271 2126 sive
1301 2094 1454 2127 caudulae
1476 2094 1695 2139 pediculique,
1724 2097 1778 2139 qui
1801 2097 1835 2129 in
1856 2107 1972 2130 monu-

351 2149 467 2179 mentis
480 2146 615 2190 lapideis
630 2150 748 2190 passim
765 2150 798 2181 in
810 2148 992 2182 vlitterarum
1004 2151 1211 2183 rotundarum
1234 2150 1335 2191 (Ain,
1356 2149 1513 2194 Daleth),
1535 2154 1675 2184 maxime
1690 2154 1824 2185 minoris
1838 2152 1971 2193 moduli,

350 2205 495 2247 margine
517 2213 700 2246 comparent
722 2212 754 2236 et
773 2207 874 2237 invito
896 2208 1051 2238 statuario
1069 2208 1101 2239 in
1118 2207 1237 2239 circulo
1253 2207 1440 2240 excavando
1455 2207 1538 2250 stylo
1553 2208 1605 2240 vel
1619 2210 1758 2252 primum
1771 2209 1899 2242 admoto
1921 2209 1972 2241 vel

349 2258 494 2303 lapsante
509 2266 541 2291 et
557 2260 724 2292 aberrante
740 2261 871 2294 obortae
886 2270 960 2294 suut
981 2264 1051 2304 (die
1066 2262 1369 2312 unwillkiihrlichen
1385 2263 1501 2296 durchs
1515 2264 1679 2297 Ansetzen
1693 2265 1771 2298 oder
1782 2263 1972 2309 Ansgleiten

352 2316 408 2348 des
437 2315 588 2348 Meissels
617 2317 848 2349 entstandenen
877 2318 977 2350 Stiele
1004 2320 1070 2351 und
1098 2319 1277 2361 Ansatze),
1307 2330 1370 2362 quo
1393 2321 1531 2363 pertinet
1550 2322 1614 2353 Ain
1637 2322 1777 2354 auritum
1798 2320 1929 2355 Numid.
1954 2326 1970 2355 ¹

352 2371 408 2404 lin.
429 2375 449 2404 3
476 2371 537 2404 litt.
559 2375 597 2411 3,
637 2374 700 2404 duo
731 2372 795 2405 Ain
827 2375 961 2408 caudata
988 2376 1021 2407 in
1054 2374 1178 2418 Tripol.
1204 2379 1241 2415 1,
1266 2379 1281 2408 1
1315 2377 1367 2418 (in
1390 2376 1456 2419 γυ)
1485 2384 1518 2408 et
1545 2376 1602 2410 lin.
1628 2380 1648 2410 ³
1677 2378 1729 2419 (iu
1753 2376 1972 2422 ἐπ’-μυ),

354 2438 435 2471 quae
457 2427 575 2460 Daleth
599 2430 701 2463 videri
722 2431 861 2472 possint:
897 2433 1037 2462 maxime
1066 2440 1171 2465 autem
1201 2439 1322 2464 tantum
1345 2443 1410 2465 nou
1432 2434 1541 2465 omnia
1562 2433 1658 2466 huia!
1678 2432 1803 2466 litterae
1825 2435 1975 2479 exempla

356 2486 389 2516 in
411 2483 473 2517 Cit.
497 2488 516 2516 2
538 2496 565 2517 s.
588 2484 716 2527 Oxon.,
747 2487 805 2519 nbi
825 2487 900 2518 vide
924 2486 1026 2529 plura.

485 2552 632 2596 Denique
668 2555 984 2586 animadvertendum
1013 2555 1155 2593 videtur,
1191 2556 1263 2588 Ain
1290 2557 1386 2587 etiam
1415 2558 1449 2589 in
1481 2557 1643 2590 nonnullis
1670 2557 1851 2591 Numidicis
1889 2570 1976 2592 nero

358 2613 477 2649 puncto
500 2610 652 2649 indicari,
690 2617 724 2642 ut
746 2609 900 2642 Omicron
924 2610 1119 2643 Graecorum
1141 2612 1174 2643 in
1198 2613 1304 2644 numis
1326 2612 1552 2646 Arsacidarum
1573 2620 1605 2646 et
1626 2613 1715 2647 alibi.
1760 2615 1815 2647 Sic
1836 2617 1919 2659 quod
1941 2617 1974 2648 in
