2242 2976
374 274 423 311 22
478 270 608 304 LIBER
632 269 803 304 PRIMUS.
846 265 1222 303 PALAEOGRArfflA
1244 265 1500 300 PHOENICIA.
1543 265 1693 300 CAPUT
1717 266 1933 300 TERTIUM.

1059 368 1096 497 ’9
1175 365 1210 492 '⁶⁹1
1296 363 1323 377 ”

377 520 463 561 (non.
486 529 516 549 v.
539 516 626 559 Trip.
649 519 680 555 2,
703 519 735 547 4.
757 515 847 548 Coss.
871 516 909 548 E.
932 517 969 557 F,
992 519 1076 558 dec„
1099 527 1180 562 quae
1203 515 1250 548 nil
1271 515 1379 547 differt
1399 526 1419 547 a
1441 514 1563 555 Resch,
1586 513 1677 557 Trip.
1700 518 1732 554 2,
1756 517 1784 546 1.
1807 512 1937 548 Cossur-
1959 514 2002 554 A,

375 576 488 607 undec.
513 572 613 606 Melit.
632 577 661 604 1.
684 570 747 604 Cit.
759 576 790 604 4.
807 575 837 605 8.
858 573 1011 615 Μαι-εει,
1036 586 1092 607 vas
1110 573 1296 623 panorm).
1325 572 1439 615 Capita
1457 582 1594 615 superne
1617 578 1727 614 aperta

1047 631 1078 647 η
1181 629 1212 646 ι,
1311 629 1361 748 L}

375 786 502 817 nonnisi
524 785 558 816 in
582 784 688 816 numis
712 782 836 816 Ciliciis
865 785 939 826 (no.
964 674 1099 827 QZ.)
1129 790 1161 816 et
1188 766 1221 816 in
1249 783 1384 816 Citienai
1411 782 1551 815 secunda
1578 793 1608 814 ι.
1633 780 1816 814 oxoniensi
1845 782 1918 833 (up.
1941 780 2000 823 14)

373 842 593 885 reperiuntur,
624 842 656 872 in
688 839 750 872 hac
777 842 931 873 statuario
959 841 1043 873 forte
1072 842 1177 873 minus
1205 840 1339 872 dextero
1370 838 1548 871 tribuenda.
1598 836 1864 881 Taehygraphiae
1893 843 2000 871 autem

374 898 530 931 debentur
550 897 611 929 hae
636 897 778 936 formae,
802 908 935 940 quarum
958 899 1061 940 capita
1083 907 1196 929 manca
1218 902 1304 935 sunt,

1066 954 1093 970 u
1257 952 1287 968 ιο
1375 951 1407 966 n

375 1109 457 1149 (dec.
488 1111 591 1152 quint.
620 1118 651 1139 v.
679 1106 786 1150 Tugg.
815 1118 857 1140 ex
885 1119 995 1152 apogr.
1025 1107 1208 1151 Borgiano,
1240 1107 1309 1140 dec.
1337 1113 1425 1142 next.
1452 1107 1538 1140 Abd.
1564 1107 1613 1147 Ε,
1644 1106 1714 1139 dec·
1743 1109 1826 1148 sept.
1850 1104 1936 1138 Abd.
1964 1103 2001 1137 C.

374 1164 482 1198 Gadit.
505 1164 548 1197 K.
579 1162 675 1196 Num.
697 1167 737 1203 2,
760 1165 810 1204 4):
841 1163 1004 1208 multoque
1026 1165 1148 1208 magis,
1172 1175 1253 1207 quae
1276 1175 1360 1196 nune
1382 1171 1576 1209 sequuntur,
1599 1167 1785 1207 scripturae
1806 1161 2002 1205 Hispanioae

375 1229 406 1254 et
427 1221 627 1254 Numidicae
649 1222 795 1263 propriae
818 1232 952 1264 quarum
975 1222 1079 1264 capita
1100 1219 1194 1263 plane
1217 1222 1395 1263 perierunt:

1053 1276 1085 1293 1·
1185 1277 1215 1293 1⁹

380 1431 461 1463 Vide
494 1415 563 1463 dec.
588 1435 648 1462 oct.
679 1441 761 1474 quae
791 1429 998 1473 perfrequens
1028 1439 1094 1472 est,
1126 1431 1256 1465 Numid.
1286 1436 1326 1473 3,
1358 1437 1387 1465 1.
1421 1435 1452 1465 3.
1481 1436 1520 1471 4,
1551 1435 1579 1464 1.
1609 1433 1639 1464 3.
1668 1433 1706 1470 5,
1727 1427 1877 1470 ¹..Trip-
1905 1429 1944 1466 2,
1975 1428 2002 1458 ¹·

376 1486 484 1519 Gadit.
515 1486 556 1519 A.
587 1485 626 1517 B.
658 1486 698 1517 D.
730 1486 769 1517 E.
800 1486 836 1517 F.
859 1485 898 1517 G·
923 1485 949 1518 I.
973 1486 1012 1519 L.
1046 1487 1144 1531 Ting.
1173 1487 1213 1520 A.
1242 1488 1283 1520 D.
1314 1490 1353 1521 E.
1382 1489 1439 1528 R,
1470 1487 1539 1520 Bel.
1564 1486 1714 1525 A—G.,
1747 1483 1847 1517 vaco.
1869 1481 2001 1516 A—G.

376 1542 469 1575 Sabr.
491 1541 533 1574 D.
559 1542 655 1585 Sigae
675 1541 734 1580 B.‚
756 1541 859 1573 Jubae
883 1552 969 1581 sen„
993 1543 1062 1575 dec.
1085 1554 1158 1576 non.
1180 1546 1213 1576 in
1238 1547 1343 1577 numia
1366 1544 1512 1584 Vaccae,
1542 1547 1604 1577 vic.
1625 1552 1781 1586 persaepe
1804 1541 1944 1573 maxime
1966 1540 2000 1571 in

375 1601 437 1635 bv:
461 1597 559 1631 Num.
583 1602 620 1637 ¹,
646 1601 675 1630 1.
699 1601 730 1629 2.
752 1600 783 1632 3.
807 1602 839 1630 4.
863 1601 900 1637 2,
921 1598 953 1630 3.
975 1602 1015 1637 4,
1037 1603 1068 1632 2.
1090 1603 1127 1639 3,
1152 1607 1185 1632 et
1207 1610 1241 1645 ’ρ
1264 1600 1360 1633 Num.
1386 1605 1423 1640 1,
1446 1604 1477 1633 3.
1498 1606 1529 1633 4.
1551 1604 1590 1639 2,
1613 1602 1653 1638 3,
1675 1598 1767 1630 Sabr.
1788 1596 1828 1630 G.
1871 1595 2000 1629 Dubiao

375 1667 571 1699 auctoritatis
591 1665 670 1698 mihi
693 1671 743 1697 est
763 1666 890 1708 signum
927 1646 958 1713 Ᾰ
992 1667 1025 1698 in
1041 1677 1137 1699 numo
1153 1667 1250 1711 Sigae
1267 1670 1306 1701 A.
1343 1668 1511 1701 Caeterum
1529 1667 1776 1706 observandum,
1799 1665 1935 1697 sormam
1957 1639 2002 1719 )2

374 1737 455 1769 quae
484 1727 517 1758 in
547 1724 728 1758 Numidicis
757 1732 790 1757 et
819 1724 1006 1768 Hispanieis
1036 1733 1084 1757 est
1114 1725 1216 1767 Beth,
1246 1729 1278 1760 in
1310 1728 1452 1761 melioris
1484 1735 1578 1760 notae
1599 1728 1758 1770 scriptura
1779 1736 1853 1758 esse
1875 1725 1940 1762 Pe.
1971 1735 2001 1756 v.

374 1782 456 1814 hanc
479 1781 614 1814 {itteram
638 1783 666 1821 §-
689 1784 741 1814 28.

544 1846 630 1885 „Ex
645 1848 715 1889 ipsa
732 1846 954 1890 antiquissima
966 1845 1071 1890 figura
1091 1858 1143 1879 no.
1164 1852 1192 1881 1.
1211 1857 1315 1882 ortum
1331 1851 1509 1893 putaverim
1523 1848 1739 1891 aethiopicum
1758 1846 1805 1884 ss
1825 1848 2001 1879 tentorium

459 1953 481 1970 „
492 1939 754 1974 repraesentans,
785 1932 832 1969 ss
862 1943 903 1964 ex
939 1905 991 2006 9
1054 1896 1117 2008 q
1143 1937 1183 1966 .“

544 2036 630 2075 „Ex
651 2037 782 2077 eadem,
802 2039 903 2071 cauda
923 2040 1026 2082 magis
1049 2040 1145 2071 etiam
1165 2038 1304 2077 inflexa,
1326 2048 1475 2082 graecum
1497 2024 1565 2093 fl·
1588 2039 1635 2072 fl,
1659 2035 1697 2069 Β.
1707 2039 1731 2056 “

547 2094 698 2137 „Figura
736 2108 788 2129 no.
821 2101 860 2131 13
891 2100 932 2131 ad
960 2098 1129 2131 Hebraeos
1168 2099 1366 2140 antiquiores
1401 2104 1434 2129 et
1465 2097 1505 2128 ad
1538 2097 1715 2129 Aramaeos
1742 2096 1884 2135 transiit,
1916 2095 2003 2139 apud

459 2153 579 2194 „ipsos
603 2151 721 2185 Zabios
744 2162 837 2197 caput
859 2165 994 2198 superne
1017 2162 1160 2198 apertum
1184 2160 1354 2197 comparet.
1396 2153 1478 2186 Mox
1506 2160 1611 2185 antem
1642 2153 1723 2195 apud
1738 2151 1823 2191 'hos,
1857 2159 1892 2184 ut
1917 2151 2002 2194 apud

458 2209 685 2247 „recentiores
707 2210 884 2244 Phoenices
907 2222 974 2249 ino.
992 2211 1154 2251 18—21),
1177 2217 1271 2252 caput
1293 2209 1388 2253 plane
1411 2210 1583 2252 disparuit,
1606 2208 1748 2252 talesque
1763 2207 1889 2252 figurae
1913 2215 2002 2240 ortae

459 2271 582 2304 „sunt,
615 2265 726 2308 quales
754 2278 796 2300 ex
826 2276 915 2311 parte
944 2270 1008 2300 iam
1038 2269 1071 2299 in
1103 2265 1318 2308 Palmyrenis,
1346 2268 1379 2298 in
1409 2265 1646 2306 Blaoassiauis,
1682 2266 1756 2298 dein
1785 2266 1818 2297 in
1852 2264 2002 2303 Persicis,

460 2319 618 2359 „Cuficis
641 2329 700 2354 cet.
723 2332 916 2367 comparent.
925 2328 948 2345 ‘⁴

1137 2402 1248 2440 §.14

945 2468 1138 2500 Gimel
1185 2469 1441 2500 littera.

509 2532 667 2567 Primaria
684 2536 753 2568 eius
768 2535 889 2580 figura,
911 2537 1029 2569 cameli
1042 2535 1173 2579 gibbum
1198 2540 1276 2576 (non
1290 2533 1418 2574 collum,
1441 2541 1475 2567 ut
1489 2513 1585 2578 uulgo
1599 2532 1726 2576 volunt)
1744 2533 1932 2576 depingens,
1955 2537 2004 2564 est

1169 2594 1218 2672 λ
