<?xml version="1.0" encoding="UTF-8"?>
<!DOCTYPE html PUBLIC "-//W3C//DTD XHTML 1.0 Transitional//EN"
    "http://www.w3.org/TR/xhtml1/DTD/xhtml1-transitional.dtd">
<html xmlns="http://www.w3.org/1999/xhtml" xml:lang="en" lang="en">
 <head>
  <title>
</title>
<meta http-equiv="Content-Type" content="text/html;charset=utf-8" />
  <meta name='ocr-system' content='tesseract 3.04.00' />
  <meta name='ocr-capabilities' content='ocr_page ocr_carea ocr_par ocr_line ocrx_word'/>
</head>
<body>
  <div class='ocr_page' id='page_1' title='image "./scripturaelingua00geseuoft_0053.png"; bbox 0 0 2242 2976; ppageno 0'>
   <div class='ocr_carea' id='block_1_1' title="bbox 554 268 1934 326">
    <p class='ocr_par' dir='ltr' id='par_1_1' title="bbox 554 268 1934 326">
     <span class='ocr_line' id='line_1_1' title="bbox 554 268 1934 326; baseline -0.001 -6"><span class='ocrx_word' id='word_1_1' title='bbox 554 287 616 320; x_wconf 85' lang='lat' dir='ltr'>DE</span> <span class='ocrx_word' id='word_1_2' title='bbox 639 286 846 320; x_wconf 85' lang='lat' dir='ltr'><strong>LITTERIS</strong></span> <span class='ocrx_word' id='word_1_3' title='bbox 868 268 1134 320; x_wconf 72' lang='lat' dir='ltr'><strong>PHOENICHS.</strong></span> <span class='ocrx_word' id='word_1_4' title='bbox 1178 288 1207 326; x_wconf 63' lang='grc' dir='ltr'><strong>ᾖ.</strong></span> <span class='ocrx_word' id='word_1_5' title='bbox 1232 290 1281 318; x_wconf 89' lang='grc'>12.</span> <span class='ocrx_word' id='word_1_6' title='bbox 1311 286 1459 320; x_wconf 87' lang='lat' dir='ltr'>ALEPH</span> <span class='ocrx_word' id='word_1_7' title='bbox 1482 287 1690 320; x_wconf 84' lang='lat' dir='ltr'>LITTERA.</span> <span class='ocrx_word' id='word_1_8' title='bbox 1889 291 1934 326; x_wconf 84' lang='lat'>19</span> 
     </span>
    </p>
   </div>
   <div class='ocr_carea' id='block_1_2' title="bbox 1063 381 1177 418">
    <p class='ocr_par' dir='ltr' id='par_1_2' title="bbox 1063 381 1177 418">
     <span class='ocr_line' id='line_1_2' title="bbox 1063 381 1177 418; baseline 0.009 -7"><span class='ocrx_word' id='word_1_9' title='bbox 1063 381 1092 418; x_wconf 72' lang='grc' dir='ltr'><strong>ξ.</strong></span> <span class='ocrx_word' id='word_1_10' title='bbox 1127 382 1177 412; x_wconf 90' lang='grc'>11.</span> 
     </span>
    </p>
   </div>
   <div class='ocr_carea' id='block_1_3' title="bbox 302 456 1935 1296">
    <p class='ocr_par' dir='ltr' id='par_1_3' title="bbox 302 456 1935 1296">
     <span class='ocr_line' id='line_1_3' title="bbox 431 456 1935 500; baseline 0.001 -11"><span class='ocrx_word' id='word_1_11' title='bbox 431 456 468 489; x_wconf 91' lang='lat' dir='ltr'>In</span> <span class='ocrx_word' id='word_1_12' title='bbox 491 456 670 488; x_wconf 86' lang='lat' dir='ltr'>litterarum</span> <span class='ocrx_word' id='word_1_13' title='bbox 692 457 875 499; x_wconf 84' lang='lat' dir='ltr'>ignotarum</span> <span class='ocrx_word' id='word_1_14' title='bbox 897 462 1053 499; x_wconf 77' lang='lat' dir='ltr'><strong>potestate</strong></span> <span class='ocrx_word' id='word_1_15' title='bbox 1075 457 1278 499; x_wconf 79' lang='lat' dir='ltr'>indaganda,</span> <span class='ocrx_word' id='word_1_16' title='bbox 1308 463 1357 495; x_wconf 87' lang='lat' dir='ltr'>et,</span> <span class='ocrx_word' id='word_1_17' title='bbox 1380 458 1463 500; x_wconf 93' lang='lat' dir='ltr'>quod</span> <span class='ocrx_word' id='word_1_18' title='bbox 1486 458 1560 489; x_wconf 89' lang='lat' dir='ltr'>inde</span> <span class='ocrx_word' id='word_1_19' title='bbox 1583 457 1757 500; x_wconf 83' lang='lat' dir='ltr'>dependet,</span> <span class='ocrx_word' id='word_1_20' title='bbox 1788 459 1821 490; x_wconf 91' lang='lat' dir='ltr'>in</span> <span class='ocrx_word' id='word_1_21' title='bbox 1843 460 1935 491; x_wconf 87' lang='lat' dir='ltr'>novis</span> 
     </span>
     <span class='ocr_line' id='line_1_4' title="bbox 304 512 1934 557; baseline -0.001 -10"><span class='ocrx_word' id='word_1_22' title='bbox 304 515 511 557; x_wconf 77' lang='lat' dir='ltr'>obscurisque</span> <span class='ocrx_word' id='word_1_23' title='bbox 534 515 748 545; x_wconf 74' lang='lat' dir='ltr'>monumentis</span> <span class='ocrx_word' id='word_1_24' title='bbox 769 513 915 556; x_wconf 89' lang='lat' dir='ltr'>legendis</span> <span class='ocrx_word' id='word_1_25' title='bbox 938 512 1018 544; x_wconf 90' lang='lat' dir='ltr'>nihil</span> <span class='ocrx_word' id='word_1_26' title='bbox 1041 520 1106 551; x_wconf 89' lang='lat' dir='ltr'>est,</span> <span class='ocrx_word' id='word_1_27' title='bbox 1130 524 1191 555; x_wconf 94' lang='lat' dir='ltr'>quo</span> <span class='ocrx_word' id='word_1_28' title='bbox 1208 513 1329 544; x_wconf 87' lang='lat' dir='ltr'>maiore</span> <span class='ocrx_word' id='word_1_29' title='bbox 1344 523 1426 544; x_wconf 38' lang='lat' dir='ltr'>cum&gt;</span> <span class='ocrx_word' id='word_1_30' title='bbox 1438 513 1541 545; x_wconf 85' lang='lat' dir='ltr'>fructu</span> <span class='ocrx_word' id='word_1_31' title='bbox 1559 521 1686 545; x_wconf 88' lang='lat' dir='ltr'>utantur</span> <span class='ocrx_word' id='word_1_32' title='bbox 1702 514 1813 546; x_wconf 88' lang='lat' dir='ltr'>harum</span> <span class='ocrx_word' id='word_1_33' title='bbox 1828 526 1934 547; x_wconf 89' lang='lat' dir='ltr'>rerum</span> 
     </span>
     <span class='ocr_line' id='line_1_5' title="bbox 303 569 1933 614; baseline -0.001 -10"><span class='ocrx_word' id='word_1_34' title='bbox 303 578 513 608; x_wconf 79' lang='lat' dir='ltr'>scrutatores,</span> <span class='ocrx_word' id='word_1_35' title='bbox 543 580 636 612; x_wconf 86' lang='lat' dir='ltr'>quam</span> <span class='ocrx_word' id='word_1_36' title='bbox 658 569 768 601; x_wconf 70' lang='lat' dir='ltr'>verbis</span> <span class='ocrx_word' id='word_1_37' title='bbox 778 569 1000 612; x_wconf 72' lang='lat' dir='ltr'>formulz’eque</span> <span class='ocrx_word' id='word_1_38' title='bbox 1019 570 1194 612; x_wconf 49' lang='lat' dir='ltr'>paralleli&amp;</span> <span class='ocrx_word' id='word_1_39' title='bbox 1223 570 1256 600; x_wconf 91' lang='lat' dir='ltr'>in</span> <span class='ocrx_word' id='word_1_40' title='bbox 1288 570 1384 600; x_wconf 86' lang='lat' dir='ltr'>variis</span> <span class='ocrx_word' id='word_1_41' title='bbox 1408 572 1622 602; x_wconf 82' lang='lat' dir='ltr'>monumentis</span> <span class='ocrx_word' id='word_1_42' title='bbox 1644 572 1728 602; x_wconf 87' lang='lat' dir='ltr'>inter</span> <span class='ocrx_word' id='word_1_43' title='bbox 1750 582 1785 603; x_wconf 87' lang='lat' dir='ltr'>se</span> <span class='ocrx_word' id='word_1_44' title='bbox 1807 582 1933 614; x_wconf 86' lang='lat' dir='ltr'>compa-</span> 
     </span>
     <span class='ocr_line' id='line_1_6' title="bbox 304 624 1933 669; baseline 0 -9"><span class='ocrx_word' id='word_1_45' title='bbox 304 629 425 661; x_wconf 79' lang='lat' dir='ltr'>randis.</span> <span class='ocrx_word' id='word_1_46' title='bbox 469 625 666 669; x_wconf 80' lang='lat' dir='ltr'>Simulatque</span> <span class='ocrx_word' id='word_1_47' title='bbox 690 637 790 668; x_wconf 89' lang='lat' dir='ltr'>nuper</span> <span class='ocrx_word' id='word_1_48' title='bbox 811 627 844 658; x_wconf 91' lang='lat' dir='ltr'>in</span> <span class='ocrx_word' id='word_1_49' title='bbox 868 637 1028 658; x_wconf 85' lang='lat' dir='ltr'>marmore</span> <span class='ocrx_word' id='word_1_50' title='bbox 1051 625 1222 657; x_wconf 85' lang='lat' dir='ltr'>Numidico</span> <span class='ocrx_word' id='word_1_51' title='bbox 1246 636 1266 656; x_wconf 83' lang='lat' dir='ltr'>a</span> <span class='ocrx_word' id='word_1_52' title='bbox 1290 624 1439 667; x_wconf 87' lang='lat' dir='ltr'>Templio</span> <span class='ocrx_word' id='word_1_53' title='bbox 1463 626 1549 657; x_wconf 86' lang='lat' dir='ltr'>edito</span> <span class='ocrx_word' id='word_1_54' title='bbox 1576 626 1620 658; x_wconf 90' lang='lat' dir='ltr'>lin</span> <span class='ocrx_word' id='word_1_55' title='bbox 1658 630 1686 660; x_wconf 84' lang='lat'>1.</span> <span class='ocrx_word' id='word_1_56' title='bbox 1709 628 1846 669; x_wconf 89' lang='lat' dir='ltr'>primum</span> <span class='ocrx_word' id='word_1_57' title='bbox 1871 629 1933 660; x_wconf 93' lang='lat' dir='ltr'>duo</span> 
     </span>
     <span class='ocr_line' id='line_1_7' title="bbox 304 681 1935 726; baseline 0 -10"><span class='ocrx_word' id='word_1_58' title='bbox 304 684 404 716; x_wconf 84' lang='lat' dir='ltr'>verba</span> <span class='ocrx_word' id='word_1_59' title='bbox 435 693 498 726; x_wconf 68' lang='lat' dir='ltr'>pan</span> <span class='ocrx_word' id='word_1_60' title='bbox 528 684 608 721; x_wconf 71' lang='lat'>²:³2,</span> <span class='ocrx_word' id='word_1_61' title='bbox 639 693 714 714; x_wconf 89' lang='lat' dir='ltr'>mox</span> <span class='ocrx_word' id='word_1_62' title='bbox 746 684 902 725; x_wconf 85' lang='lat' dir='ltr'>integram</span> <span class='ocrx_word' id='word_1_63' title='bbox 934 681 1106 714; x_wconf 82' lang='lat' dir='ltr'>formulam</span> <span class='ocrx_word' id='word_1_64' title='bbox 1135 683 1199 724; x_wconf 60' lang='lat' dir='ltr'>abs&gt;</span> <span class='ocrx_word' id='word_1_65' title='bbox 1221 690 1293 714; x_wconf 61' lang='lat'>:⁷7:117</span> <span class='ocrx_word' id='word_1_66' title='bbox 1316 691 1357 714; x_wconf 61' lang='grc' dir='ltr'>»Β</span> <span class='ocrx_word' id='word_1_67' title='bbox 1381 690 1443 724; x_wconf 72' lang='grc' dir='ltr'>ῑ73η</span> <span class='ocrx_word' id='word_1_68' title='bbox 1468 683 1549 716; x_wconf 60' lang='grc'>’25135</span> <span class='ocrx_word' id='word_1_69' title='bbox 1573 684 1649 726; x_wconf 61' lang='grc' dir='ltr'>Τειὺ</span> <span class='ocrx_word' id='word_1_70' title='bbox 1673 682 1873 726; x_wconf 90' lang='lat' dir='ltr'>legeramus,</span> <span class='ocrx_word' id='word_1_71' title='bbox 1904 691 1935 716; x_wconf 92' lang='lat' dir='ltr'>et</span> 
     </span>
     <span class='ocr_line' id='line_1_8' title="bbox 303 737 1932 782; baseline -0.001 -9"><span class='ocrx_word' id='word_1_72' title='bbox 303 741 440 773; x_wconf 86' lang='lat' dir='ltr'>eandem</span> <span class='ocrx_word' id='word_1_73' title='bbox 461 741 555 771; x_wconf 88' lang='lat' dir='ltr'>etiam</span> <span class='ocrx_word' id='word_1_74' title='bbox 575 741 607 771; x_wconf 94' lang='lat' dir='ltr'>in</span> <span class='ocrx_word' id='word_1_75' title='bbox 630 738 795 771; x_wconf 87' lang='lat' dir='ltr'>simillimo</span> <span class='ocrx_word' id='word_1_76' title='bbox 818 738 924 781; x_wconf 84' lang='lat' dir='ltr'>lapide</span> <span class='ocrx_word' id='word_1_77' title='bbox 946 746 1022 770; x_wconf 88' lang='lat' dir='ltr'>tunc</span> <span class='ocrx_word' id='word_1_78' title='bbox 1044 739 1257 770; x_wconf 82' lang='lat' dir='ltr'>cummaxime</span> <span class='ocrx_word' id='word_1_79' title='bbox 1274 750 1293 769; x_wconf 90' lang='lat' dir='ltr'>a</span> <span class='ocrx_word' id='word_1_80' title='bbox 1307 737 1421 769; x_wconf 81' lang='lat' dir='ltr'>Falbio</span> <span class='ocrx_word' id='word_1_81' title='bbox 1449 740 1535 770; x_wconf 87' lang='lat' dir='ltr'>edito</span> <span class='ocrx_word' id='word_1_82' title='bbox 1558 741 1729 782; x_wconf 83' lang='lat' dir='ltr'>paucisque</span> <span class='ocrx_word' id='word_1_83' title='bbox 1751 742 1880 772; x_wconf 84' lang='lat' dir='ltr'>mutatis</span> <span class='ocrx_word' id='word_1_84' title='bbox 1900 742 1932 773; x_wconf 89' lang='lat' dir='ltr'>in</span> 
     </span>
     <span class='ocr_line' id='line_1_9' title="bbox 304 794 1935 840; baseline 0 -11"><span class='ocrx_word' id='word_1_85' title='bbox 304 797 430 829; x_wconf 89' lang='lat' dir='ltr'>duobus</span> <span class='ocrx_word' id='word_1_86' title='bbox 450 795 722 840; x_wconf 81' lang='lat' dir='ltr'>Lugdunensibus</span> <span class='ocrx_word' id='word_1_87' title='bbox 751 794 824 838; x_wconf 87' lang='lat' dir='ltr'>(n0.</span> <span class='ocrx_word' id='word_1_88' title='bbox 846 798 897 827; x_wconf 87' lang='lat'>59.</span> <span class='ocrx_word' id='word_1_89' title='bbox 927 794 983 828; x_wconf 87' lang='lat' dir='ltr'>lin.</span> <span class='ocrx_word' id='word_1_90' title='bbox 1009 798 1038 826; x_wconf 91' lang='lat'>1.</span> <span class='ocrx_word' id='word_1_91' title='bbox 1061 799 1091 826; x_wconf 88' lang='lat'>2.</span> <span class='ocrx_word' id='word_1_92' title='bbox 1116 806 1168 827; x_wconf 91' lang='lat' dir='ltr'>no.</span> <span class='ocrx_word' id='word_1_93' title='bbox 1192 798 1250 833; x_wconf 78' lang='lat'>60,</span> <span class='ocrx_word' id='word_1_94' title='bbox 1275 796 1314 836; x_wconf 88' lang='grc'>3)</span> <span class='ocrx_word' id='word_1_95' title='bbox 1343 794 1408 837; x_wconf 84' lang='lat' dir='ltr'>legi</span> <span class='ocrx_word' id='word_1_96' title='bbox 1431 796 1772 835; x_wconf 75' lang='lat' dir='ltr'>animadverteramus‚</span> <span class='ocrx_word' id='word_1_97' title='bbox 1802 797 1935 829; x_wconf 78' lang='lat' dir='ltr'>dimidia</span> 
     </span>
     <span class='ocr_line' id='line_1_10' title="bbox 305 850 1934 896; baseline 0.001 -12"><span class='ocrx_word' id='word_1_98' title='bbox 305 864 407 896; x_wconf 86' lang='lat' dir='ltr'>paene</span> <span class='ocrx_word' id='word_1_99' title='bbox 431 854 573 884; x_wconf 90' lang='lat' dir='ltr'>omnium</span> <span class='ocrx_word' id='word_1_100' title='bbox 595 851 771 884; x_wconf 85' lang='lat' dir='ltr'>litterarum</span> <span class='ocrx_word' id='word_1_101' title='bbox 795 850 1028 884; x_wconf 85' lang='lat' dir='ltr'>numidicarum</span> <span class='ocrx_word' id='word_1_102' title='bbox 1050 863 1126 894; x_wconf 88' lang='lat' dir='ltr'>pars</span> <span class='ocrx_word' id='word_1_103' title='bbox 1149 859 1182 883; x_wconf 90' lang='lat' dir='ltr'>et</span> <span class='ocrx_word' id='word_1_104' title='bbox 1203 850 1430 883; x_wconf 83' lang='lat' dir='ltr'>nonnullarum</span> <span class='ocrx_word' id='word_1_105' title='bbox 1450 852 1578 894; x_wconf 90' lang='lat' dir='ltr'>quidem</span> <span class='ocrx_word' id='word_1_106' title='bbox 1593 851 1701 894; x_wconf 90' lang='lat' dir='ltr'>plures</span> <span class='ocrx_word' id='word_1_107' title='bbox 1715 853 1796 884; x_wconf 90' lang='lat' dir='ltr'>adeo</span> <span class='ocrx_word' id='word_1_108' title='bbox 1810 853 1934 896; x_wconf 85' lang='lat' dir='ltr'>figurae</span> 
     </span>
     <span class='ocr_line' id='line_1_11' title="bbox 304 907 1934 952; baseline 0 -11"><span class='ocrx_word' id='word_1_109' title='bbox 304 916 400 941; x_wconf 85' lang='lat' dir='ltr'>antea</span> <span class='ocrx_word' id='word_1_110' title='bbox 421 910 552 952; x_wconf 83' lang='lat' dir='ltr'>ignotae</span> <span class='ocrx_word' id='word_1_111' title='bbox 574 908 667 941; x_wconf 88' lang='lat' dir='ltr'>nobis</span> <span class='ocrx_word' id='word_1_112' title='bbox 690 910 915 947; x_wconf 85' lang='lat' dir='ltr'>innotuerunt,</span> <span class='ocrx_word' id='word_1_113' title='bbox 945 920 1078 951; x_wconf 90' lang='lat' dir='ltr'>quarum</span> <span class='ocrx_word' id='word_1_114' title='bbox 1109 919 1168 950; x_wconf 91' lang='lat' dir='ltr'>ope</span> <span class='ocrx_word' id='word_1_115' title='bbox 1199 909 1319 940; x_wconf 87' lang='lat' dir='ltr'>sensim</span> <span class='ocrx_word' id='word_1_116' title='bbox 1340 907 1569 950; x_wconf 87' lang='lat' dir='ltr'>paullatimque</span> <span class='ocrx_word' id='word_1_117' title='bbox 1593 909 1631 940; x_wconf 87' lang='lat' dir='ltr'>ad</span> <span class='ocrx_word' id='word_1_118' title='bbox 1654 910 1795 940; x_wconf 87' lang='lat' dir='ltr'>omnium</span> <span class='ocrx_word' id='word_1_119' title='bbox 1819 909 1934 944; x_wconf 87' lang='lat' dir='ltr'>horum</span> 
     </span>
     <span class='ocr_line' id='line_1_12' title="bbox 303 963 1934 1007; baseline 0.001 -10"><span class='ocrx_word' id='word_1_120' title='bbox 303 972 582 997; x_wconf 88' lang='lat' dir='ltr'>monumentorum</span> <span class='ocrx_word' id='word_1_121' title='bbox 612 964 783 997; x_wconf 85' lang='lat' dir='ltr'>lectionem</span> <span class='ocrx_word' id='word_1_122' title='bbox 812 967 1027 1007; x_wconf 82' lang='lat' dir='ltr'>pervenimus.</span> <span class='ocrx_word' id='word_1_123' title='bbox 1071 963 1237 1006; x_wconf 86' lang='lat' dir='ltr'>Nusquam</span> <span class='ocrx_word' id='word_1_124' title='bbox 1265 971 1374 995; x_wconf 88' lang='lat' dir='ltr'>autem</span> <span class='ocrx_word' id='word_1_125' title='bbox 1403 964 1483 996; x_wconf 90' lang='lat' dir='ltr'>haec</span> <span class='ocrx_word' id='word_1_126' title='bbox 1512 964 1681 997; x_wconf 89' lang='lat' dir='ltr'>verborum</span> <span class='ocrx_word' id='word_1_127' title='bbox 1709 965 1934 1007; x_wconf 83' lang='lat' dir='ltr'>parallelorum</span> 
     </span>
     <span class='ocr_line' id='line_1_13' title="bbox 302 1019 1935 1063; baseline 0.001 -10"><span class='ocrx_word' id='word_1_128' title='bbox 302 1023 387 1054; x_wconf 86' lang='lat' dir='ltr'>inter</span> <span class='ocrx_word' id='word_1_129' title='bbox 408 1032 444 1054; x_wconf 85' lang='lat' dir='ltr'>se</span> <span class='ocrx_word' id='word_1_130' title='bbox 467 1021 595 1053; x_wconf 90' lang='lat' dir='ltr'>collatio</span> <span class='ocrx_word' id='word_1_131' title='bbox 617 1021 747 1060; x_wconf 89' lang='lat' dir='ltr'>utilior,</span> <span class='ocrx_word' id='word_1_132' title='bbox 778 1031 872 1063; x_wconf 88' lang='lat' dir='ltr'>quam</span> <span class='ocrx_word' id='word_1_133' title='bbox 901 1023 934 1052; x_wconf 90' lang='lat' dir='ltr'>in</span> <span class='ocrx_word' id='word_1_134' title='bbox 966 1022 1081 1052; x_wconf 88' lang='lat' dir='ltr'>numis.</span> <span class='ocrx_word' id='word_1_135' title='bbox 1128 1019 1192 1057; x_wconf 82' lang='lat' dir='ltr'>Qui</span> <span class='ocrx_word' id='word_1_136' title='bbox 1214 1021 1319 1051; x_wconf 83' lang='lat' dir='ltr'>varias</span> <span class='ocrx_word' id='word_1_137' title='bbox 1343 1032 1509 1052; x_wconf 91' lang='lat' dir='ltr'>numorum</span> <span class='ocrx_word' id='word_1_138' title='bbox 1533 1021 1760 1060; x_wconf 87' lang='lat' dir='ltr'>Sidoniorum,</span> <span class='ocrx_word' id='word_1_139' title='bbox 1792 1022 1935 1054; x_wconf 86' lang='lat' dir='ltr'>Gaulita-</span> 
     </span>
     <span class='ocr_line' id='line_1_14' title="bbox 303 1076 1934 1121; baseline 0 -11"><span class='ocrx_word' id='word_1_140' title='bbox 303 1089 438 1117; x_wconf 87' lang='lat' dir='ltr'>norum,</span> <span class='ocrx_word' id='word_1_141' title='bbox 462 1078 712 1110; x_wconf 85' lang='lat' dir='ltr'>Cossuraeorum</span> <span class='ocrx_word' id='word_1_142' title='bbox 735 1076 926 1120; x_wconf 84' lang='lat' dir='ltr'>epigraphas</span> <span class='ocrx_word' id='word_1_143' title='bbox 947 1079 1029 1109; x_wconf 90' lang='lat' dir='ltr'>inter</span> <span class='ocrx_word' id='word_1_144' title='bbox 1051 1088 1087 1108; x_wconf 89' lang='lat' dir='ltr'>se</span> <span class='ocrx_word' id='word_1_145' title='bbox 1110 1078 1358 1119; x_wconf 81' lang='lat' dir='ltr'>comparaverit,</span> <span class='ocrx_word' id='word_1_146' title='bbox 1390 1088 1540 1119; x_wconf 84' lang='lat' dir='ltr'>magnam</span> <span class='ocrx_word' id='word_1_147' title='bbox 1569 1076 1743 1120; x_wconf 86' lang='lat' dir='ltr'>figurarum</span> <span class='ocrx_word' id='word_1_148' title='bbox 1775 1089 1817 1110; x_wconf 89' lang='lat' dir='ltr'>ex</span> <span class='ocrx_word' id='word_1_149' title='bbox 1845 1085 1934 1121; x_wconf 87' lang='lat' dir='ltr'>parte</span> 
     </span>
     <span class='ocr_line' id='line_1_15' title="bbox 303 1123 1934 1177; baseline 0.001 -11"><span class='ocrx_word' id='word_1_150' title='bbox 303 1135 408 1167; x_wconf 84' lang='lat' dir='ltr'>rarius</span> <span class='ocrx_word' id='word_1_151' title='bbox 430 1134 597 1167; x_wconf 82' lang='lat' dir='ltr'>obviarum</span> <span class='ocrx_word' id='word_1_152' title='bbox 621 1135 808 1165; x_wconf 88' lang='lat' dir='ltr'>varietatem</span> <span class='ocrx_word' id='word_1_153' title='bbox 830 1135 1007 1173; x_wconf 86' lang='lat' dir='ltr'>invenerit,</span> <span class='ocrx_word' id='word_1_154' title='bbox 1033 1145 1167 1177; x_wconf 85' lang='lat' dir='ltr'>eamque</span> <span class='ocrx_word' id='word_1_155' title='bbox 1188 1136 1233 1166; x_wconf 88' lang='lat' dir='ltr'>ita</span> <span class='ocrx_word' id='word_1_156' title='bbox 1255 1123 1482 1176; x_wconf 85' lang='lat' dir='ltr'>comparatam,</span> <span class='ocrx_word' id='word_1_157' title='bbox 1507 1141 1541 1166; x_wconf 93' lang='lat' dir='ltr'>ut</span> <span class='ocrx_word' id='word_1_158' title='bbox 1563 1134 1602 1165; x_wconf 87' lang='lat' dir='ltr'>de</span> <span class='ocrx_word' id='word_1_159' title='bbox 1625 1133 1824 1177; x_wconf 82' lang='lat' dir='ltr'>singularum</span> <span class='ocrx_word' id='word_1_160' title='bbox 1848 1134 1934 1167; x_wconf 86' lang='lat' dir='ltr'>litte-</span> 
     </span>
     <span class='ocr_line' id='line_1_16' title="bbox 302 1191 1933 1234; baseline -0.001 -10"><span class='ocrx_word' id='word_1_161' title='bbox 302 1202 411 1224; x_wconf 79' lang='lat' dir='ltr'>rarum</span> <span class='ocrx_word' id='word_1_162' title='bbox 428 1197 583 1234; x_wconf 86' lang='lat' dir='ltr'>potestate</span> <span class='ocrx_word' id='word_1_163' title='bbox 601 1201 695 1232; x_wconf 89' lang='lat' dir='ltr'>quam</span> <span class='ocrx_word' id='word_1_164' title='bbox 713 1192 890 1224; x_wconf 81' lang='lat' dir='ltr'>certissime</span> <span class='ocrx_word' id='word_1_165' title='bbox 904 1198 1038 1230; x_wconf 86' lang='lat' dir='ltr'>constet,</span> <span class='ocrx_word' id='word_1_166' title='bbox 1061 1193 1210 1234; x_wconf 89' lang='lat' dir='ltr'>quoniam</span> <span class='ocrx_word' id='word_1_167' title='bbox 1228 1193 1316 1234; x_wconf 89' lang='lat' dir='ltr'>ipsae</span> <span class='ocrx_word' id='word_1_168' title='bbox 1334 1202 1530 1234; x_wconf 88' lang='lat' dir='ltr'>quorumque</span> <span class='ocrx_word' id='word_1_169' title='bbox 1549 1202 1719 1223; x_wconf 91' lang='lat' dir='ltr'>numorum</span> <span class='ocrx_word' id='word_1_170' title='bbox 1737 1191 1933 1234; x_wconf 85' lang='lat' dir='ltr'>epigraphae</span> 
     </span>
     <span class='ocr_line' id='line_1_17' title="bbox 304 1246 1858 1296; baseline -0.001 -16"><span class='ocrx_word' id='word_1_171' title='bbox 304 1248 533 1280; x_wconf 88' lang='lat' dir='ltr'>diversissimis</span> <span class='ocrx_word' id='word_1_172' title='bbox 555 1246 751 1290; x_wconf 85' lang='lat' dir='ltr'>temporibus</span> <span class='ocrx_word' id='word_1_173' title='bbox 771 1247 903 1279; x_wconf 86' lang='lat' dir='ltr'>eaedem</span> <span class='ocrx_word' id='word_1_174' title='bbox 926 1258 1016 1287; x_wconf 87' lang='lat' dir='ltr'>esse,</span> <span class='ocrx_word' id='word_1_175' title='bbox 1042 1247 1129 1280; x_wconf 87' lang='lat' dir='ltr'>solus</span> <span class='ocrx_word' id='word_1_176' title='bbox 1153 1247 1335 1280; x_wconf 85' lang='lat' dir='ltr'>litterarum</span> <span class='ocrx_word' id='word_1_177' title='bbox 1357 1247 1521 1279; x_wconf 85' lang='lat' dir='ltr'>character</span> <span class='ocrx_word' id='word_1_178' title='bbox 1543 1249 1660 1279; x_wconf 83' lang='lat' dir='ltr'>mutari</span> <span class='ocrx_word' id='word_1_179' title='bbox 1682 1246 1805 1296; x_wconf 81' lang='lat' dir='ltr'>solebat</span> <span class='ocrx_word' id='word_1_180' title='bbox 1818 1250 1858 1289; x_wconf 92' lang='lat'>*).</span> 
     </span>
    </p>
   </div>
   <div class='ocr_carea' id='block_1_4' title="bbox 874 1343 1389 1450">
    <p class='ocr_par' dir='ltr' id='par_1_4' title="bbox 874 1343 1389 1450">
     <span class='ocr_line' id='line_1_18' title="bbox 1064 1343 1175 1380; baseline 0.009 -8"><span class='ocrx_word' id='word_1_181' title='bbox 1064 1343 1175 1380; x_wconf 66' lang='lat'>§.12</span> 
     </span>
     <span class='ocr_line' id='line_1_19' title="bbox 874 1407 1389 1450; baseline 0 -11"><span class='ocrx_word' id='word_1_182' title='bbox 874 1407 1068 1450; x_wconf 76' lang='lat' dir='ltr'>Aleph</span> <span class='ocrx_word' id='word_1_183' title='bbox 1113 1409 1389 1440; x_wconf 82' lang='lat' dir='ltr'>littera.-</span> 
     </span>
    </p>
   </div>
   <div class='ocr_carea' id='block_1_5' title="bbox 303 1474 1935 1839">
    <p class='ocr_par' dir='ltr' id='par_1_5' title="bbox 430 1474 1935 1522">
     <span class='ocr_line' id='line_1_20' title="bbox 430 1474 1935 1522; baseline 0 -15"><span class='ocrx_word' id='word_1_184' title='bbox 430 1474 535 1519; x_wconf 81' lang='lat' dir='ltr'>Aleph</span> <span class='ocrx_word' id='word_1_185' title='bbox 559 1474 703 1514; x_wconf 80' lang='lat' dir='ltr'>litterae,</span> <span class='ocrx_word' id='word_1_186' title='bbox 727 1477 816 1508; x_wconf 89' lang='lat' dir='ltr'>cuius</span> <span class='ocrx_word' id='word_1_187' title='bbox 839 1486 956 1507; x_wconf 90' lang='lat' dir='ltr'>nomen</span> <span class='ocrx_word' id='word_1_188' title='bbox 979 1475 1072 1522; x_wconf 52' lang='grc' dir='ltr'>(ηξξ)</span> <span class='ocrx_word' id='word_1_189' title='bbox 1094 1475 1204 1508; x_wconf 82' lang='lat' dir='ltr'>bovem</span> <span class='ocrx_word' id='word_1_190' title='bbox 1225 1477 1391 1519; x_wconf 87' lang='lat' dir='ltr'>designat,</span> <span class='ocrx_word' id='word_1_191' title='bbox 1414 1476 1566 1518; x_wconf 87' lang='lat' dir='ltr'>primaria</span> <span class='ocrx_word' id='word_1_192' title='bbox 1581 1482 1612 1507; x_wconf 90' lang='lat' dir='ltr'>et</span> <span class='ocrx_word' id='word_1_193' title='bbox 1625 1476 1733 1507; x_wconf 85' lang='lat' dir='ltr'>nativa</span> <span class='ocrx_word' id='word_1_194' title='bbox 1745 1474 1850 1518; x_wconf 86' lang='lat' dir='ltr'>figura</span> <span class='ocrx_word' id='word_1_195' title='bbox 1867 1482 1935 1507; x_wconf 86' lang='lat' dir='ltr'>erat</span> 
     </span>
    </p>

    <p class='ocr_par' dir='ltr' id='par_1_6' title="bbox 303 1530 1935 1839">
     <span class='ocr_line' id='line_1_21' title="bbox 958 1530 1280 1546; baseline 0 0"><span class='ocrx_word' id='word_1_196' title='bbox 958 1532 972 1546; x_wconf 77' lang='lat'><em>1</em></span> <span class='ocrx_word' id='word_1_197' title='bbox 1112 1530 1128 1546; x_wconf 64' lang='grc'><strong>8</strong></span> <span class='ocrx_word' id='word_1_198' title='bbox 1270 1530 1280 1546; x_wconf 85' lang='grc'>3</span> 
     </span>
     <span class='ocr_line' id='line_1_22' title="bbox 304 1680 1934 1725; baseline -0.001 -12"><span class='ocrx_word' id='word_1_199' title='bbox 304 1682 347 1723; x_wconf 89' lang='lat' dir='ltr'>(v.</span> <span class='ocrx_word' id='word_1_200' title='bbox 368 1684 508 1724; x_wconf 70' lang='lat' dir='ltr'>primum</span> <span class='ocrx_word' id='word_1_201' title='bbox 529 1688 561 1713; x_wconf 89' lang='lat' dir='ltr'>et</span> <span class='ocrx_word' id='word_1_202' title='bbox 584 1681 756 1714; x_wconf 75' lang='lat' dir='ltr'>secundum</span> <span class='ocrx_word' id='word_1_203' title='bbox 779 1683 906 1725; x_wconf 84' lang='lat' dir='ltr'>signum</span> <span class='ocrx_word' id='word_1_204' title='bbox 930 1686 972 1719; x_wconf 80' lang='lat' dir='ltr'>in,</span> <span class='ocrx_word' id='word_1_205' title='bbox 986 1695 1082 1716; x_wconf 90' lang='lat' dir='ltr'>numo</span> <span class='ocrx_word' id='word_1_206' title='bbox 1106 1683 1173 1715; x_wconf 87' lang='lat' dir='ltr'>Sid.</span> <span class='ocrx_word' id='word_1_207' title='bbox 1197 1682 1234 1715; x_wconf 88' lang='lat' dir='ltr'>T.</span> <span class='ocrx_word' id='word_1_208' title='bbox 1252 1682 1291 1715; x_wconf 90' lang='lat' dir='ltr'>U.</span> <span class='ocrx_word' id='word_1_209' title='bbox 1307 1681 1364 1714; x_wconf 92' lang='lat' dir='ltr'>W.</span> <span class='ocrx_word' id='word_1_210' title='bbox 1383 1681 1436 1719; x_wconf 91' lang='lat' dir='ltr'>X,</span> <span class='ocrx_word' id='word_1_211' title='bbox 1465 1680 1557 1713; x_wconf 86' lang='lat' dir='ltr'>Gaul.</span> <span class='ocrx_word' id='word_1_212' title='bbox 1582 1692 1634 1712; x_wconf 92' lang='lat' dir='ltr'>no.</span> <span class='ocrx_word' id='word_1_213' title='bbox 1660 1685 1689 1712; x_wconf 89' lang='lat'>2.</span> <span class='ocrx_word' id='word_1_214' title='bbox 1706 1683 1737 1716; x_wconf 84' lang='lat'>3.</span> <span class='ocrx_word' id='word_1_215' title='bbox 1760 1684 1789 1712; x_wconf 89' lang='lat'>9.</span> <span class='ocrx_word' id='word_1_216' title='bbox 1813 1683 1862 1712; x_wconf 98' lang='grc'>10.</span> <span class='ocrx_word' id='word_1_217' title='bbox 1886 1685 1934 1714; x_wconf 82' lang='grc'>16.</span> 
     </span>
     <span class='ocr_line' id='line_1_23' title="bbox 305 1737 1934 1783; baseline 0 -13"><span class='ocrx_word' id='word_1_218' title='bbox 305 1741 353 1770; x_wconf 82' lang='lat'>21.</span> <span class='ocrx_word' id='word_1_219' title='bbox 381 1741 433 1770; x_wconf 82' lang='lat'>23.</span> <span class='ocrx_word' id='word_1_220' title='bbox 457 1742 518 1777; x_wconf 87' lang='lat'>24,</span> <span class='ocrx_word' id='word_1_221' title='bbox 550 1742 684 1770; x_wconf 67' lang='lat' dir='ltr'>tertium</span> <span class='ocrx_word' id='word_1_222' title='bbox 714 1737 807 1771; x_wconf 87' lang='lat' dir='ltr'>Coss.</span> <span class='ocrx_word' id='word_1_223' title='bbox 837 1739 907 1781; x_wconf 91' lang='lat' dir='ltr'>A),</span> <span class='ocrx_word' id='word_1_224' title='bbox 949 1742 1061 1773; x_wconf 88' lang='lat' dir='ltr'>rudem</span> <span class='ocrx_word' id='word_1_225' title='bbox 1091 1741 1205 1783; x_wconf 89' lang='lat' dir='ltr'>capitis</span> <span class='ocrx_word' id='word_1_226' title='bbox 1237 1739 1348 1771; x_wconf 84' lang='lat' dir='ltr'>bovini</span> <span class='ocrx_word' id='word_1_227' title='bbox 1381 1740 1554 1781; x_wconf 86' lang='lat' dir='ltr'>imaginem</span> <span class='ocrx_word' id='word_1_228' title='bbox 1586 1738 1729 1769; x_wconf 84' lang='lat' dir='ltr'>referens</span> <span class='ocrx_word' id='word_1_229' title='bbox 1761 1739 1934 1770; x_wconf 86' lang='lat' dir='ltr'>secundum</span> 
     </span>
     <span class='ocr_line' id='line_1_24' title="bbox 303 1793 1935 1839; baseline 0.001 -14"><span class='ocrx_word' id='word_1_230' title='bbox 303 1793 384 1826; x_wconf 88' lang='lat' dir='ltr'>illud</span> <span class='ocrx_word' id='word_1_231' title='bbox 417 1794 579 1826; x_wconf 82' lang='lat' dir='ltr'>Plutarchi</span> <span class='ocrx_word' id='word_1_232' title='bbox 603 1796 744 1838; x_wconf 89' lang='lat' dir='ltr'>(quaest.</span> <span class='ocrx_word' id='word_1_233' title='bbox 764 1807 903 1839; x_wconf 82' lang='lat' dir='ltr'>sympos.</span> <span class='ocrx_word' id='word_1_234' title='bbox 936 1797 1007 1837; x_wconf 91' lang='lat' dir='ltr'>IX,</span> <span class='ocrx_word' id='word_1_235' title='bbox 1039 1801 1058 1829; x_wconf 86' lang='lat'><strong>2</strong></span> <span class='ocrx_word' id='word_1_236' title='bbox 1091 1799 1119 1836; x_wconf 71' lang='grc' dir='ltr'><strong>ξ.</strong></span> <span class='ocrx_word' id='word_1_237' title='bbox 1140 1798 1201 1838; x_wconf 86' lang='grc'>3),</span> <span class='ocrx_word' id='word_1_238' title='bbox 1235 1797 1287 1839; x_wconf 88' lang='lat' dir='ltr'>qui</span> <span class='ocrx_word' id='word_1_239' title='bbox 1317 1795 1457 1827; x_wconf 87' lang='lat' dir='ltr'>litteram</span> <span class='ocrx_word' id='word_1_240' title='bbox 1486 1794 1591 1836; x_wconf 91' lang='lat' dir='ltr'>Aleph</span> <span class='ocrx_word' id='word_1_241' title='bbox 1620 1793 1751 1837; x_wconf 89' lang='lat' dir='ltr'>reliquis</span> <span class='ocrx_word' id='word_1_242' title='bbox 1783 1797 1935 1838; x_wconf 86' lang='lat' dir='ltr'>praeponi</span> 
     </span>
    </p>
   </div>
   <div class='ocr_carea' id='block_1_6' title="bbox 304 1848 1933 1894">
    <p class='ocr_par' dir='ltr' id='par_1_7' title="bbox 304 1848 1933 1894">
     <span class='ocr_line' id='line_1_25' title="bbox 304 1848 1933 1894; baseline 0.001 -12"><span class='ocrx_word' id='word_1_243' title='bbox 304 1850 416 1883; x_wconf 85' lang='lat' dir='ltr'>scribit</span> <span class='ocrx_word' id='word_1_244' title='bbox 445 1850 496 1882; x_wconf 79' lang='grc' dir='ltr'>διὰ</span> <span class='ocrx_word' id='word_1_245' title='bbox 521 1851 556 1883; x_wconf 80' lang='grc' dir='ltr'>τὸ</span> <span class='ocrx_word' id='word_1_246' title='bbox 585 1852 732 1889; x_wconf 79' lang='grc' dir='ltr'><strong><em>Φοίνικας</em></strong></span> <span class='ocrx_word' id='word_1_247' title='bbox 760 1848 841 1885; x_wconf 66' lang='grc' dir='ltr'><em>οὕτω</em></span> <span class='ocrx_word' id='word_1_248' title='bbox 871 1857 972 1887; x_wconf 74' lang='grc' dir='ltr'><em>καλεῖν</em></span> <span class='ocrx_word' id='word_1_249' title='bbox 1002 1853 1056 1886; x_wconf 81' lang='grc' dir='ltr'>τὸν</span> <span class='ocrx_word' id='word_1_250' title='bbox 1084 1856 1171 1894; x_wconf 78' lang='grc' dir='ltr'><strong>βοῦν.</strong></span> <span class='ocrx_word' id='word_1_251' title='bbox 1216 1852 1281 1885; x_wconf 83' lang='lat' dir='ltr'>Sed</span> <span class='ocrx_word' id='word_1_252' title='bbox 1314 1852 1364 1884; x_wconf 84' lang='lat' dir='ltr'>his</span> <span class='ocrx_word' id='word_1_253' title='bbox 1394 1852 1627 1894; x_wconf 87' lang='lat' dir='ltr'>frequentiores</span> <span class='ocrx_word' id='word_1_254' title='bbox 1651 1858 1682 1882; x_wconf 92' lang='lat' dir='ltr'>et</span> <span class='ocrx_word' id='word_1_255' title='bbox 1705 1853 1933 1884; x_wconf 84' lang='lat' dir='ltr'>usitatissimae</span> 
     </span>
    </p>
   </div>
   <div class='ocr_carea' id='block_1_7' title="bbox 305 1906 1109 1982">
    <p class='ocr_par' dir='ltr' id='par_1_8' title="bbox 305 1906 1109 1982">
     <span class='ocr_line' id='line_1_26' title="bbox 305 1906 781 1950; baseline 0.006 -12"><span class='ocrx_word' id='word_1_256' title='bbox 305 1908 375 1940; x_wconf 87' lang='lat' dir='ltr'>eius</span> <span class='ocrx_word' id='word_1_257' title='bbox 396 1906 522 1939; x_wconf 89' lang='lat' dir='ltr'>litterae</span> <span class='ocrx_word' id='word_1_258' title='bbox 545 1907 669 1950; x_wconf 84' lang='lat' dir='ltr'>figurae</span> <span class='ocrx_word' id='word_1_259' title='bbox 690 1916 781 1941; x_wconf 88' lang='lat' dir='ltr'>sunt:</span> 
     </span>
     <span class='ocr_line' id='line_1_27' title="bbox 1101 1967 1109 1982; baseline 0 0"><span class='ocrx_word' id='word_1_260' title='bbox 1101 1967 1109 1982; x_wconf 87' lang='lat'><em>⁵</em></span> 
     </span>
    </p>
   </div>
   <div class='ocr_carea' id='block_1_8' title="bbox 302 1961 1934 2600">
    <p class='ocr_par' dir='ltr' id='par_1_9' title="bbox 302 1961 1934 2600">
     <span class='ocr_line' id='line_1_28' title="bbox 634 1961 1666 1981; baseline -0.002 0"><span class='ocrx_word' id='word_1_261' title='bbox 634 1966 646 1981; x_wconf 68' lang='grc'>4</span> <span class='ocrx_word' id='word_1_262' title='bbox 1221 1966 1233 1981; x_wconf 82' lang='lat'><strong>6</strong></span> <span class='ocrx_word' id='word_1_263' title='bbox 1343 1966 1354 1978; x_wconf 67' lang='grc' dir='ltr'><em>η</em></span> <span class='ocrx_word' id='word_1_264' title='bbox 1497 1964 1507 1979; x_wconf 80' lang='lat'><em>8</em></span> <span class='ocrx_word' id='word_1_265' title='bbox 1600 1961 1615 1977; x_wconf 72' lang='grc' dir='ltr'>Ο</span> <span class='ocrx_word' id='word_1_266' title='bbox 1655 1964 1666 1979; x_wconf 87' lang='grc'>9</span> 
     </span>
     <span class='ocr_line' id='line_1_29' title="bbox 544 2003 1683 2112; baseline -0.002 -52"><span class='ocrx_word' id='word_1_267' title='bbox 544 2011 604 2084; x_wconf 40' lang='lat' dir='ltr'><em>K</em></span> <span class='ocrx_word' id='word_1_268' title='bbox 652 2013 719 2084; x_wconf 34' lang='grc' dir='ltr'><em>ἥ</em></span> <span class='ocrx_word' id='word_1_269' title='bbox 766 2039 838 2061; x_wconf 88' lang='lat' dir='ltr'>cum</span> <span class='ocrx_word' id='word_1_270' title='bbox 884 2027 1029 2069; x_wconf 82' lang='lat' dir='ltr'>cognatis</span> <span class='ocrx_word' id='word_1_271' title='bbox 1071 2012 1129 2112; x_wconf 47' lang='grc' dir='ltr'>ἥ»</span> <span class='ocrx_word' id='word_1_272' title='bbox 1200 2019 1256 2089; x_wconf 44' lang='lat' dir='ltr'>&#39;K</span> <span class='ocrx_word' id='word_1_273' title='bbox 1336 2008 1390 2091; x_wconf 39' lang='grc' dir='ltr'>ἅ</span> <span class='ocrx_word' id='word_1_274' title='bbox 1482 2003 1529 2088; x_wconf 37' lang='grc' dir='ltr'><strong><em>ἃ</em></strong></span> <span class='ocrx_word' id='word_1_275' title='bbox 1627 2007 1683 2101; x_wconf 36' lang='lat' dir='ltr'><em>K</em></span> 
     </span>
     <span class='ocr_line' id='line_1_30' title="bbox 302 2115 1931 2166; baseline -0.001 -20"><span class='ocrx_word' id='word_1_276' title='bbox 302 2115 348 2156; x_wconf 87' lang='lat' dir='ltr'>(v.</span> <span class='ocrx_word' id='word_1_277' title='bbox 379 2120 529 2158; x_wconf 80' lang='lat' dir='ltr'>quartam</span> <span class='ocrx_word' id='word_1_278' title='bbox 558 2117 663 2149; x_wconf 90' lang='lat' dir='ltr'>Melit.</span> <span class='ocrx_word' id='word_1_279' title='bbox 695 2121 723 2150; x_wconf 86' lang='lat'>1.</span> <span class='ocrx_word' id='word_1_280' title='bbox 746 2120 776 2150; x_wconf 83' lang='lat'>3.</span> <span class='ocrx_word' id='word_1_281' title='bbox 798 2121 831 2149; x_wconf 85' lang='lat'>4.</span> <span class='ocrx_word' id='word_1_282' title='bbox 864 2116 926 2148; x_wconf 93' lang='lat' dir='ltr'>Cit.</span> <span class='ocrx_word' id='word_1_283' title='bbox 949 2120 979 2149; x_wconf 92' lang='grc'>7.</span> <span class='ocrx_word' id='word_1_284' title='bbox 1003 2120 1033 2149; x_wconf 89' lang='grc'>8.</span> <span class='ocrx_word' id='word_1_285' title='bbox 1055 2122 1105 2151; x_wconf 93' lang='grc'>10.</span> <span class='ocrx_word' id='word_1_286' title='bbox 1132 2121 1182 2150; x_wconf 89' lang='grc'>13.</span> <span class='ocrx_word' id='word_1_287' title='bbox 1207 2121 1263 2166; x_wconf 63' lang='lat' dir='ltr'>v18.</span> <span class='ocrx_word' id='word_1_288' title='bbox 1294 2117 1374 2160; x_wconf 85' lang='lat' dir='ltr'>Aeg.</span> <span class='ocrx_word' id='word_1_289' title='bbox 1403 2121 1432 2148; x_wconf 87' lang='lat'>2.</span> <span class='ocrx_word' id='word_1_290' title='bbox 1462 2116 1554 2148; x_wconf 83' lang='lat' dir='ltr'>sard.</span> <span class='ocrx_word' id='word_1_291' title='bbox 1584 2116 1643 2147; x_wconf 89' lang='lat' dir='ltr'>lin.</span> <span class='ocrx_word' id='word_1_292' title='bbox 1668 2119 1696 2147; x_wconf 88' lang='lat'>2.</span> <span class='ocrx_word' id='word_1_293' title='bbox 1719 2119 1750 2146; x_wconf 88' lang='grc'>4.</span> <span class='ocrx_word' id='word_1_294' title='bbox 1775 2118 1812 2154; x_wconf 87' lang='grc'>5,</span> <span class='ocrx_word' id='word_1_295' title='bbox 1844 2125 1931 2146; x_wconf 88' lang='lat' dir='ltr'>num.</span> 
     </span>
     <span class='ocr_line' id='line_1_31' title="bbox 303 2170 1931 2218; baseline -0.001 -15"><span class='ocrx_word' id='word_1_296' title='bbox 303 2170 372 2204; x_wconf 84' lang='lat' dir='ltr'>Sid.</span> <span class='ocrx_word' id='word_1_297' title='bbox 396 2171 438 2204; x_wconf 90' lang='lat' dir='ltr'>N.</span> <span class='ocrx_word' id='word_1_298' title='bbox 462 2173 563 2206; x_wconf 82' lang='lat' dir='ltr'>Laod.</span> <span class='ocrx_word' id='word_1_299' title='bbox 586 2174 694 2206; x_wconf 86' lang='lat' dir='ltr'>Gadit.</span> <span class='ocrx_word' id='word_1_300' title='bbox 719 2175 757 2206; x_wconf 86' lang='lat' dir='ltr'>A.</span> <span class='ocrx_word' id='word_1_301' title='bbox 781 2173 818 2206; x_wconf 90' lang='lat' dir='ltr'>C.</span> <span class='ocrx_word' id='word_1_302' title='bbox 841 2173 902 2212; x_wconf 84' lang='lat' dir='ltr'>D.‚</span> <span class='ocrx_word' id='word_1_303' title='bbox 927 2172 1088 2216; x_wconf 69' lang='lat' dir='ltr'>Motyens.</span> <span class='ocrx_word' id='word_1_304' title='bbox 1111 2175 1158 2214; x_wconf 88' lang='lat' dir='ltr'>A,</span> <span class='ocrx_word' id='word_1_305' title='bbox 1183 2179 1327 2218; x_wconf 77' lang='lat' dir='ltr'>quintam</span> <span class='ocrx_word' id='word_1_306' title='bbox 1351 2175 1448 2205; x_wconf 83' lang='lat' dir='ltr'>inser.</span> <span class='ocrx_word' id='word_1_307' title='bbox 1473 2172 1579 2204; x_wconf 81' lang='lat' dir='ltr'>Carth.</span> <span class='ocrx_word' id='word_1_308' title='bbox 1603 2176 1632 2204; x_wconf 89' lang='grc'><strong>8.</strong></span> <span class='ocrx_word' id='word_1_309' title='bbox 1655 2175 1704 2211; x_wconf 83' lang='grc'><strong>9.,</strong></span> <span class='ocrx_word' id='word_1_310' title='bbox 1734 2183 1819 2203; x_wconf 87' lang='lat' dir='ltr'>num.</span> <span class='ocrx_word' id='word_1_311' title='bbox 1844 2171 1931 2203; x_wconf 81' lang='lat' dir='ltr'>Coss.</span> 
     </span>
     <span class='ocr_line' id='line_1_32' title="bbox 303 2227 1934 2273; baseline -0.001 -13"><span class='ocrx_word' id='word_1_312' title='bbox 303 2227 342 2260; x_wconf 93' lang='grc' dir='ltr'><strong>Β.</strong></span> <span class='ocrx_word' id='word_1_313' title='bbox 375 2227 412 2261; x_wconf 92' lang='lat' dir='ltr'>C.</span> <span class='ocrx_word' id='word_1_314' title='bbox 443 2229 554 2270; x_wconf 86' lang='lat' dir='ltr'>Gaul.‚</span> <span class='ocrx_word' id='word_1_315' title='bbox 589 2230 696 2263; x_wconf 85' lang='lat' dir='ltr'>Gadit.</span> <span class='ocrx_word' id='word_1_316' title='bbox 727 2232 770 2268; x_wconf 92' lang='lat' dir='ltr'>E;</span> <span class='ocrx_word' id='word_1_317' title='bbox 802 2235 930 2263; x_wconf 69' lang='lat' dir='ltr'>sextam</span> <span class='ocrx_word' id='word_1_318' title='bbox 960 2231 1065 2264; x_wconf 81' lang='lat' dir='ltr'>Melit.</span> <span class='ocrx_word' id='word_1_319' title='bbox 1096 2235 1133 2271; x_wconf 85' lang='lat'>3,</span> <span class='ocrx_word' id='word_1_320' title='bbox 1163 2236 1201 2268; x_wconf 84' lang='lat'>43</span> <span class='ocrx_word' id='word_1_321' title='bbox 1237 2234 1404 2273; x_wconf 64' lang='lat' dir='ltr'>reptt&#39;mam</span> <span class='ocrx_word' id='word_1_322' title='bbox 1434 2232 1467 2261; x_wconf 86' lang='lat' dir='ltr'>in</span> <span class='ocrx_word' id='word_1_323' title='bbox 1498 2229 1622 2272; x_wconf 86' lang='lat' dir='ltr'>Tugg.‚</span> <span class='ocrx_word' id='word_1_324' title='bbox 1656 2234 1802 2261; x_wconf 81' lang='lat' dir='ltr'>octavam</span> <span class='ocrx_word' id='word_1_325' title='bbox 1830 2227 1872 2259; x_wconf 90' lang='lat' dir='ltr'>ib.</span> <span class='ocrx_word' id='word_1_326' title='bbox 1904 2234 1934 2258; x_wconf 88' lang='lat' dir='ltr'>et</span> 
     </span>
     <span class='ocr_line' id='line_1_33' title="bbox 304 2283 1293 2330; baseline -0.003 -9"><span class='ocrx_word' id='word_1_327' title='bbox 304 2283 414 2321; x_wconf 81' lang='lat' dir='ltr'>Carth.</span> <span class='ocrx_word' id='word_1_328' title='bbox 436 2289 488 2327; x_wconf 88' lang='grc'><strong>10,</strong></span> <span class='ocrx_word' id='word_1_329' title='bbox 511 2298 627 2320; x_wconf 80' lang='lat' dir='ltr'>nonam</span> <span class='ocrx_word' id='word_1_330' title='bbox 653 2288 713 2320; x_wconf 85' lang='lat' dir='ltr'>Cit.</span> <span class='ocrx_word' id='word_1_331' title='bbox 737 2292 767 2320; x_wconf 85' lang='lat'>2.</span> <span class='ocrx_word' id='word_1_332' title='bbox 793 2287 902 2319; x_wconf 87' lang='lat' dir='ltr'>Carth.</span> <span class='ocrx_word' id='word_1_333' title='bbox 925 2290 956 2326; x_wconf 88' lang='lat'>3,</span> <span class='ocrx_word' id='word_1_334' title='bbox 981 2290 1011 2319; x_wconf 90' lang='lat'>3.</span> <span class='ocrx_word' id='word_1_335' title='bbox 1035 2291 1065 2327; x_wconf 89' lang='grc'>5,</span> <span class='ocrx_word' id='word_1_336' title='bbox 1089 2293 1118 2320; x_wconf 86' lang='grc'><strong>2.</strong></span> <span class='ocrx_word' id='word_1_337' title='bbox 1143 2289 1192 2330; x_wconf 88' lang='grc'>3);</span> <span class='ocrx_word' id='word_1_338' title='bbox 1217 2289 1293 2318; x_wconf 87' lang='lat' dir='ltr'>item</span> 
     </span>
     <span class='ocr_line' id='line_1_34' title="bbox 780 2341 1262 2360; baseline -0.002 -1"><span class='ocrx_word' id='word_1_339' title='bbox 780 2341 788 2345; x_wconf 52' lang='lat'>⁸</span> <span class='ocrx_word' id='word_1_340' title='bbox 973 2345 1004 2359; x_wconf 70' lang='grc' dir='ltr'>ιο</span> <span class='ocrx_word' id='word_1_341' title='bbox 1101 2346 1132 2360; x_wconf 78' lang='lat'>11.</span> <span class='ocrx_word' id='word_1_342' title='bbox 1232 2342 1262 2358; x_wconf 79' lang='lat'>12</span> 
     </span>
     <span class='ocr_line' id='line_1_35' title="bbox 304 2492 1931 2544; baseline -0.005 -14"><span class='ocrx_word' id='word_1_343' title='bbox 304 2498 339 2528; x_wconf 86' lang='lat' dir='ltr'>in</span> <span class='ocrx_word' id='word_1_344' title='bbox 361 2497 477 2540; x_wconf 88' lang='lat' dir='ltr'>quibus</span> <span class='ocrx_word' id='word_1_345' title='bbox 501 2499 582 2530; x_wconf 87' lang='lat' dir='ltr'>duae</span> <span class='ocrx_word' id='word_1_346' title='bbox 605 2499 710 2531; x_wconf 90' lang='lat' dir='ltr'>lineae</span> <span class='ocrx_word' id='word_1_347' title='bbox 739 2507 940 2532; x_wconf 83' lang='lat' dir='ltr'>transversae</span> <span class='ocrx_word' id='word_1_348' title='bbox 969 2499 1143 2544; x_wconf 81' lang='lat' dir='ltr'>parallelae</span> <span class='ocrx_word' id='word_1_349' title='bbox 1171 2507 1263 2539; x_wconf 88' lang='lat' dir='ltr'>sunt,</span> <span class='ocrx_word' id='word_1_350' title='bbox 1295 2510 1325 2530; x_wconf 89' lang='lat' dir='ltr'>v.</span> <span class='ocrx_word' id='word_1_351' title='bbox 1356 2499 1510 2530; x_wconf 75' lang='lat' dir='ltr'>decimam</span> <span class='ocrx_word' id='word_1_352' title='bbox 1542 2496 1658 2528; x_wconf 86' lang='lat' dir='ltr'>Athen.</span> <span class='ocrx_word' id='word_1_353' title='bbox 1688 2500 1724 2533; x_wconf 88' lang='lat'>2,</span> <span class='ocrx_word' id='word_1_354' title='bbox 1754 2498 1782 2525; x_wconf 86' lang='lat'>2.</span> <span class='ocrx_word' id='word_1_355' title='bbox 1815 2492 1875 2523; x_wconf 91' lang='lat' dir='ltr'>Cit.</span> <span class='ocrx_word' id='word_1_356' title='bbox 1903 2495 1931 2522; x_wconf 92' lang='grc'>1.</span> 
     </span>
     <span class='ocr_line' id='line_1_36' title="bbox 306 2547 1932 2600; baseline 0.001 -15"><span class='ocrx_word' id='word_1_357' title='bbox 306 2555 336 2585; x_wconf 86' lang='grc'><strong>3.</strong></span> <span class='ocrx_word' id='word_1_358' title='bbox 351 2558 383 2585; x_wconf 88' lang='lat'>4.</span> <span class='ocrx_word' id='word_1_359' title='bbox 397 2556 427 2586; x_wconf 89' lang='lat'>5.</span> <span class='ocrx_word' id='word_1_360' title='bbox 444 2557 475 2593; x_wconf 86' lang='grc'>6,</span> <span class='ocrx_word' id='word_1_361' title='bbox 497 2554 633 2598; x_wconf 86' lang='lat' dir='ltr'>Aegypt.</span> <span class='ocrx_word' id='word_1_362' title='bbox 651 2559 670 2588; x_wconf 89' lang='lat'><strong>3</strong></span> <span class='ocrx_word' id='word_1_363' title='bbox 695 2562 737 2589; x_wconf 80' lang='lat' dir='ltr'>et</span> <span class='ocrx_word' id='word_1_364' title='bbox 754 2567 989 2600; x_wconf 72' lang='lat' dir='ltr'>pereaepe,</span> <span class='ocrx_word' id='word_1_365' title='bbox 1016 2556 1125 2589; x_wconf 86' lang='lat' dir='ltr'>Carth.</span> <span class='ocrx_word' id='word_1_366' title='bbox 1147 2561 1177 2597; x_wconf 84' lang='lat'>2,</span> <span class='ocrx_word' id='word_1_367' title='bbox 1203 2560 1230 2589; x_wconf 87' lang='lat'>5.</span> <span class='ocrx_word' id='word_1_368' title='bbox 1254 2560 1284 2595; x_wconf 88' lang='grc'>3,</span> <span class='ocrx_word' id='word_1_369' title='bbox 1308 2560 1336 2587; x_wconf 82' lang='grc'><strong>2.</strong></span> <span class='ocrx_word' id='word_1_370' title='bbox 1360 2560 1390 2591; x_wconf 81' lang='lat'>4.</span> <span class='ocrx_word' id='word_1_371' title='bbox 1418 2558 1444 2586; x_wconf 86' lang='lat'>1·</span> <span class='ocrx_word' id='word_1_372' title='bbox 1471 2560 1500 2591; x_wconf 83' lang='lat'>3,</span> <span class='ocrx_word' id='word_1_373' title='bbox 1524 2565 1609 2585; x_wconf 82' lang='lat' dir='ltr'>num·</span> <span class='ocrx_word' id='word_1_374' title='bbox 1626 2550 1756 2588; x_wconf 70' lang='grc' dir='ltr'><strong>ΜΟῐ-Β,</strong></span> <span class='ocrx_word' id='word_1_375' title='bbox 1782 2547 1874 2580; x_wconf 72' lang='lat' dir='ltr'>Gaul·</span> <span class='ocrx_word' id='word_1_376' title='bbox 1892 2547 1932 2587; x_wconf 87' lang='lat' dir='ltr'>F;</span> 
     </span>
    </p>
   </div>
   <div class='ocr_carea' id='block_1_9' title="bbox 357 2657 1908 2699">
    <p class='ocr_par' dir='ltr' id='par_1_10' title="bbox 357 2657 1908 2699">
     <span class='ocr_line' id='line_1_37' title="bbox 357 2657 1908 2699; baseline -0.008 -5"><span class='ocrx_word' id='word_1_377' title='bbox 357 2661 385 2694; x_wconf 38' lang='grc' dir='ltr'>Ἀ)</span> <span class='ocrx_word' id='word_1_378' title='bbox 405 2663 561 2699; x_wconf 81' lang='lat' dir='ltr'>Quanquam</span> <span class='ocrx_word' id='word_1_379' title='bbox 584 2667 663 2693; x_wconf 78' lang='lat' dir='ltr'>etiam</span> <span class='ocrx_word' id='word_1_380' title='bbox 684 2667 711 2694; x_wconf 89' lang='lat' dir='ltr'>in</span> <span class='ocrx_word' id='word_1_381' title='bbox 731 2668 781 2694; x_wconf 80' lang='lat' dir='ltr'>hac</span> <span class='ocrx_word' id='word_1_382' title='bbox 800 2676 830 2694; x_wconf 86' lang='lat' dir='ltr'>re</span> <span class='ocrx_word' id='word_1_383' title='bbox 852 2671 930 2694; x_wconf 77' lang='lat' dir='ltr'>caute</span> <span class='ocrx_word' id='word_1_384' title='bbox 949 2672 975 2694; x_wconf 84' lang='lat' dir='ltr'>et</span> <span class='ocrx_word' id='word_1_385' title='bbox 993 2668 1112 2695; x_wconf 81' lang='lat' dir='ltr'>adhibito</span> <span class='ocrx_word' id='word_1_386' title='bbox 1132 2667 1230 2694; x_wconf 88' lang='lat' dir='ltr'>iudicio</span> <span class='ocrx_word' id='word_1_387' title='bbox 1251 2666 1411 2693; x_wconf 81' lang='lat' dir='ltr'>versandum</span> <span class='ocrx_word' id='word_1_388' title='bbox 1431 2668 1471 2690; x_wconf 77' lang='lat' dir='ltr'>est</span> <span class='ocrx_word' id='word_1_389' title='bbox 1493 2664 1530 2695; x_wconf 83' lang='lat' dir='ltr'>(v.</span> <span class='ocrx_word' id='word_1_390' title='bbox 1548 2663 1617 2687; x_wconf 81' lang='lat' dir='ltr'>infra</span> <span class='ocrx_word' id='word_1_391' title='bbox 1635 2662 1666 2686; x_wconf 87' lang='lat' dir='ltr'>ad</span> <span class='ocrx_word' id='word_1_392' title='bbox 1685 2659 1732 2684; x_wconf 83' lang='lat' dir='ltr'>litt.</span> <span class='ocrx_word' id='word_1_393' title='bbox 1746 2658 1797 2684; x_wconf 88' lang='lat' dir='ltr'>Jod</span> <span class='ocrx_word' id='word_1_394' title='bbox 1815 2657 1838 2690; x_wconf 86' lang='lat'>§.</span> <span class='ocrx_word' id='word_1_395' title='bbox 1854 2657 1908 2690; x_wconf 76' lang='lat'>21).</span> 
     </span>
    </p>
   </div>
   <div class='ocr_carea' id='block_1_10' title="bbox 1497 2715 1552 2744">
    <p class='ocr_par' dir='ltr' id='par_1_11' title="bbox 1497 2715 1552 2744">
     <span class='ocr_line' id='line_1_38' title="bbox 1497 2715 1552 2744; baseline 0 -14"><span class='ocrx_word' id='word_1_396' title='bbox 1497 2715 1552 2744; x_wconf 68' lang='lat'>3.</span> 
     </span>
    </p>
   </div>
  </div>
 </body>
</html>
