2242 2976
549 831 559 836 -
653 789 963 833 LIBER
1031 790 1067 840 ρ
1105 786 1497 831 UARTUS

331 890 688 943 LINGUAM
730 890 1241 943 PHOENICIAM
1288 888 1816 942 {LLUSTRANS

763 1125 1012 1162 CAPUT
1063 1126 1386 1160 PRIMUM.

484 1205 794 1243 LINGUAE
834 1205 1141 1243 INDOLES
1182 1204 1264 1240 ET
1303 1204 1660 1242 HISTORIA.

1020 1325 1049 1363 ξ.
1095 1326 1125 1355 1.

679 1401 857 1445 Duplex
886 1404 980 1433 eius
1009 1399 1331 1443 cognoscendae
1350 1398 1465 1438 fons,

259 1478 433 1527 Absoluta
452 1496 516 1527 iam
537 1501 819 1527 monumentorum
841 1505 922 1538 quae
947 1493 1124 1526 Phoenicio
1146 1492 1332 1525 charactere
1355 1499 1488 1524 exarata
1504 1500 1579 1525 sunt
1596 1492 1810 1526 illustratione
1825 1506 1883 1537 pro

259 1549 395 1583 consilio
428 1558 538 1583 nostro
576 1558 740 1594 superest,
779 1558 815 1582 ut
852 1551 892 1582 de
929 1550 1059 1593 linguae
1095 1548 1289 1585 Phoeniciae
1325 1549 1528 1591 Punicaeque
1558 1550 1682 1581 ratione
1715 1557 1747 1582 et
1775 1550 1883 1583 indole

258 1609 429 1650 separatim
460 1619 594 1651 agamus
618 1607 728 1651 paullo
755 1608 926 1650 copiosius.
984 1605 1086 1638 Cuius
1115 1606 1242 1648 quidem
1273 1607 1514 1648 cognoscendae
1542 1605 1699 1648 duplicem
1727 1606 1883 1640 habemus

258 1663 397 1695 fontem:
440 1675 539 1696 unum
576 1675 711 1707 eumque
744 1674 822 1695 saue
857 1662 1146 1706 locupletissimum
1182 1663 1217 1694 in
1256 1661 1307 1694 his
1340 1663 1420 1704 ipsis
1453 1664 1668 1694 monumentis
1709 1663 1884 1696 domestica

258 1718 437 1752 litteratura
460 1721 606 1763 scriptis,
643 1719 779 1752 alterum
800 1721 833 1751 iu
855 1719 973 1762 glossis
1001 1726 1033 1750 et
1056 1717 1240 1750 nominibus
1263 1720 1398 1761 propriis
1423 1718 1624 1757 Phoeniciis,
1665 1729 1746 1761 quae
1768 1718 1883 1752 litteris

259 1775 393 1808 Graecis
414 1776 604 1819 Latinisque
629 1786 783 1818 expressa
811 1776 897 1818 apud
928 1783 1052 1807 veteres
1080 1777 1251 1818 scriptores
1273 1777 1351 1807 satis
1374 1786 1490 1817 magno
1514 1785 1645 1806 numero
1669 1777 1882 1817 reperiuntur,

259 1832 376 1874 quibus
396 1834 431 1864 in
453 1831 559 1864 Plauti
580 1831 723 1864 Poenulo
745 1832 868 1863 accedit
890 1830 1124 1863 nobilissimum
1146 1833 1290 1874 integrae
1308 1839 1339 1863 et
1355 1833 1525 1863 continuae
1541 1832 1694 1863 orationis
1710 1834 1882 1874 specimen.

260 1887 435 1931 Utriusque
458 1895 565 1920 autem
588 1889 683 1920 huius
705 1888 804 1920 fontis
826 1898 904 1920 suae
927 1889 1083 1931 quaedam
1105 1888 1252 1930 propriae
1275 1893 1307 1918 et
1324 1888 1458 1919 virtutes
1472 1895 1547 1919 sunt
1561 1894 1594 1919 et
1607 1888 1701 1927 vitia,
1723 1895 1756 1920 ut
1770 1896 1881 1920 neutro

259 1956 370 1977 carere
391 1946 509 1988 possit,
545 1946 598 1988 qui
622 1946 803 1977 universam
826 1943 958 1987 linguae
979 1943 1119 1976 indolem
1143 1954 1337 1986 cognoscere
1357 1945 1475 1986 cupiat.
1525 1944 1652 1975 Etenim
1676 1954 1882 1977 monumenta

258 2001 316 2034 illa
343 2002 485 2034 secundo
512 2008 545 2034 et
575 2003 669 2033 tertio
695 2001 780 2033 libro
802 2012 822 2033 a
844 2001 938 2033 nobis
959 2007 1095 2032 tractata
1114 2001 1251 2043 linguae
1271 2000 1398 2042 quidem
1421 2003 1566 2051 ecriptaq
1588 2001 1761 2043 imaginem
1782 2000 1879 2033 fidam

260 2059 363 2090 oculis*
389 2059 508 2090 nostris
535 2065 778 2101 repraesentant
806 2064 858 2097 et,
894 2068 976 2101 quae
1004 2056 1148 2100 linguam
1175 2055 1290 2088 litteris
1312 2057 1514 2099 exprimendi
1536 2058 1618 2088 ratio
1641 2056 1882 2100 (ὃρθογραφιά)

258 2115 340 2156 apud
376 2114 555 2147 Phoenices
590 2115 779 2157 Poenosque
812 2115 930 2146 usitata
967 2114 1084 2153 fuerit,
1123 2114 1362 2145 accuratissime
1397 2114 1527 2145 docent:
1567 2123 1647 2156 quae
1679 2124 1756 2145 vero
1785 2114 1882 2146 fuerit

259 2181 407 2203 tonorum
429 2178 462 2203 et
478 2174 767 2214 pronunciationis
788 2172 887 2209 ratio,
922 2170 955 2202 id
985 2172 1019 2201 in
1048 2169 1146 2202 dubio
1168 2168 1353 2212 relinquunt
1374 2169 1455 2201 haec
1477 2176 1682 2201 monumenta
1704 2181 1743 2201 eo
1766 2172 1879 2212 magis,

263 2239 358 2269 quum
391 2239 410 2259 a
447 2227 613 2259 vocalibus
645 2227 826 2259 iudicandis
859 2237 960 2269 paene
996 2227 1127 2258 omnino
1162 2225 1346 2257 abstineant
1374 2225 1469 2267 (vide
1496 2225 1554 2258 lib.
1577 2225 1592 2257 1
1618 2227 1645 2265 5.
1666 2229 1709 2258 40
1721 2227 1743 2267 ).
1794 2225 1881 2257 Con-

261 2291 310 2314 tra
336 2284 436 2316 verba
465 2284 602 2323 Punica,
640 2295 720 2326 quae
750 2283 836 2326 apud
872 2283 1042 2325 scriptores
1077 2282 1220 2314 Graecos
1255 2280 1479 2325 Romanosque
1515 2284 1734 2325 reperiuntur,
1770 2292 1879 2313 conum

262 2339 387 2381 quidem
421 2339 537 2372 litteris
567 2340 700 2372 Graecis
728 2340 918 2381 Latinisque
951 2346 1110 2381 utcunque
1145 2349 1332 2381 expressum
1368 2338 1503 2371 auribus
1540 2339 1668 2370 tradunt
1705 2345 1737 2369 et
1765 2338 1879 2381 quibus

261 2394 426 2428 vocalibus
454 2407 494 2428 ea
529 2397 612 2439 apud
643 2396 770 2428 Poenos
799 2396 1010 2438 pronunciata
1037 2395 1175 2434 fuerint,
1213 2406 1272 2427 nos
1301 2395 1451 2427 edocent:
1488 2396 1544 2427 sed
1574 2402 1680 2426 tamen
1710 2395 1743 2425 in
1767 2394 1817 2425 his
1839 2395 1878 2425 ad

261 2457 389 2492 etymon
419 2459 453 2484 et
479 2452 740 2496 orthographiam
766 2452 918 2484 Punicam
945 2452 1136 2484 revocandis
1164 2462 1261 2494 saepe
1288 2462 1463 2495 permagna
1491 2459 1539 2483 est
1561 2450 1747 2489 difficultas,
1783 2461 1878 2493 quum

262 2506 402 2549 vulgaris
430 2511 664 2551 pronunciandi
692 2510 774 2541 ratio
806 2509 926 2540 formas
954 2508 1143 2540 contrahere
1177 2506 1362 2551 litterasque
1393 2509 1434 2539 ad
1462 2515 1589 2549 etymon
1621 2507 1876 2549 cognoscendum

262 2565 458 2596 necessarias
489 2565 652 2608 negligere
674 2565 792 2598 soleat:
829 2566 881 2597 cui
905 2565 1027 2597 accedit
1049 2565 1133 2607 quod
1154 2571 1339 2597 exterorum
1361 2565 1553 2606 scriptorum
1575 2565 1609 2595 in
1632 2563 1759 2594 Punicis
1778 2560 1878 2604 expli-

196 2638 205 2645 .
262 2619 373 2651 candis
395 2622 566 2659 auctoritas
588 2632 651 2654 uon
674 2622 793 2666 ubique
816 2623 895 2654 satis
909 2628 996 2654 certa
1011 2629 1069 2654 est.
1113 2620 1204 2660 Quae
1226 2631 1322 2664 quum
1341 2621 1387 2652 ita
1401 2621 1477 2658 sint,
1501 2620 1541 2652 ad
1557 2619 1731 2662 pleniorem
1747 2618 1877 2661 linguae
1897 2647 1900 2656 ,

1392 2683 1434 2710 42
