2242 2976
361 294 413 333 66
464 291 596 325 LIBER
616 289 791 324 PRIMUS.
833 285 1206 321 PALAEOGRAPHIA
1231 285 1484 321 PHOENIGIA.
1526 287 1674 322 CAPUT
1696 287 1918 327 QUINTUM.

534 384 649 416 Vocali
669 383 699 415 A
717 381 932 425 designandae
953 380 1132 413 adhibitum
1152 380 1279 424 Aleplt,
1300 382 1383 424 apud
1409 371 1586 414 Phoenices
1605 388 1640 415 et
1659 381 1828 416 Hebraeos
1849 384 1982 426 spiritus

446 442 548 480 lenis,
570 441 627 473 sed
650 442 683 472 in
704 438 846 470 vocalem
867 437 899 470 A
919 437 1089 470 inclinans.

534 497 649 529 Vocali
679 496 706 527 E
741 496 836 535 (item
859 498 893 533 ἑ,
925 497 978 535 εἰ)
1008 494 1188 526 adhibitum
1217 505 1242 527 rt
1272 493 1327 526 He
1357 493 1570 533 Phoenicum,
1602 500 1669 526 tum
1698 495 1828 527 nomine
1857 501 1925 528 tum
1948 497 1981 528 in

447 553 608 587 nonnullis
632 551 795 584 vocabulis
817 561 898 583 sono
920 551 967 582 ita
989 551 1155 582 suadente.

532 607 647 641 Vocali
676 607 691 640 1
720 614 885 650 peraptum
915 613 983 638 erat
1011 617 1023 633 π
1043 606 1126 646 Jod,
1156 607 1242 650 quod
1263 606 1346 649 apud
1367 607 1455 649 ipsos
1477 605 1655 639 Phoenices
1676 607 1837 640 interdurn
1859 606 1984 640 litterae

448 665 568 697 vocalis
593 656 817 696 vim'habebat
836 664 885 705 (v.
906 665 932 702 §-
953 665 1011 703 40,
1035 666 1070 702 3,
1092 663 1143 705 a).

534 721 682 764 Denique
716 731 774 763 pro
804 718 906 751 vocali
937 719 963 751 0
994 719 1047 761 (et
1082 719 1129 761 U)
1157 729 1222 751 nou
1254 718 1326 751 Vav
1357 717 1463 751 littera
1493 718 1682 756 utebantur,
1714 730 1796 763 quae
1825 730 1986 764 nunquam

446 777 629 820 quiescebat
649 778 734 820 apud
753 777 948 819 antiquiores
974 775 1151 808 Phoenices
1173 776 1224 817 (v.
1246 777 1275 814 §-
1291 778 1345 814 40,
1369 775 1422 816 2),
1444 774 1502 807 sed
1523 775 1613 815 Ain,
1638 777 1723 818 quod
1746 787 1786 808 ne
1801 777 1853 809 cui
1869 777 1984 810 mirum

448 835 602 873 videatur,
624 833 686 866 hoc
706 834 813 865 statim
834 831 906 863 loco
928 832 1212 875 praemuniendum
1235 838 1297 869 est,
1315 832 1399 874 quod
1420 831 1505 863 iufra
1522 833 1684 874 copiosius
1706 832 1892 866 docebimus
1913 831 1985 873 (lib.

446 890 495 922 lv
518 902 546 922 c.
561 893 613 931 4),
638 890 720 921 hauc
742 887 934 931 gutturalem
955 889 1037 930 apud
1055 889 1144 931 ipsos
1169 887 1345 920 Phoenices
1367 889 1400 920 in
1423 886 1566 920 vocalem
1589 887 1618 920 O
1641 887 1823 921 inclinasse.

490 950 519 979 3.
563 945 607 978 Ut
628 945 841 988 intelligatur,
863 946 960 975 etiam
985 944 1128 977 ordines·
1143 943 1321 976 litterarum
1337 943 1420 986 apud
1437 942 1616 976 Phoenices
1630 944 1835 988 Graecosque
1849 945 1986 978 eundem

363 1004 480 1042 fnisse,
509 1009 583 1035 ante
613 1004 722 1034 omnia
748 1000 921 1033 tenendum
948 1007 1014 1039 est,
1044 1002 1077 1032 in
1111 1007 1216 1032 vetere
1239 999 1435 1032 Graecorum
1465 999 1637 1042 alphabeto
1665 1009 1792 1044 praeter
1813 1000 1994 1037 hodiernus„

363 1059 487 1091 litteras
516 1060 578 1091 tria
606 1059 737 1100 antiqua
765 1058 954 1100 phoeniciae
982 1057 1118 1099 originis
1147 1055 1307 1088 elementa
1337 1056 1456 1094 fuisse,
1486 1066 1620 1098 quorum
1642 1058 1705 1090 duo
1728 1065 1837 1100 postea
1857 1065 1988 1091 extrusa

364 1116 516 1148 cifrarum
541 1114 739 1156 (ἐπισήμων)
763 1123 870 1147 tamen
891 1121 1080 1158 potestatem
1107 1114 1327 1150 retinuerunt,
1357 1123 1455 1144 uuum
1484 1123 1555 1145 cum
1583 1112 1648 1145 alio
1670 1115 1807 1157 quodam
1829 1113 1988 1146 elemento

365 1170 487 1203 coaluit
508 1178 540 1203 et
560 1172 594 1202 iu
617 1171 858 1204 desuetudinem
881 1171 969 1203 abiit.
1625 1177 1627 1179 '
1964 1205 1967 1209 ,

492 1227 533 1259 Et
554 1226 666 1259 borum
689 1228 816 1270 quidem
839 1228 976 1270 primum
997 1233 1067 1258 erat
1088 1227 1157 1258 Βαῢ
1180 1223 1250 1268 (F),
1272 1224 1369 1268 vulgo
1383 1223 1554 1267 Digamma
1567 1224 1706 1264 dictum,
1729 1225 1866 1258 eundem
1881 1224 1988 1259 locum

364 1286 448 1317 inter
470 1292 495 1318 rt
516 1291 547 1315 et
572 1293 584 1318 τ
607 1285 650 1324 (Ε
664 1291 697 1315 et
714 1286 756 1324 Ζ)
780 1294 939 1326 occupans
960 1291 1054 1326 atque
1070 1293 1083 1317 ‘i
1102 1282 1310 1320 Phoenicum,
1333 1287 1365 1312 et
1385 1291 1514 1323 prorsus
1536 1281 1681 1313 eiusdem
1703 1283 1878 1323 potestatis,
1903 1281 1989 1316 unde

365 1347 470 1373 ortum
486 1339 620 1372 latinum
634 1339 672 1379 F,
696 1347 806 1382 postea
819 1351 862 1372 ex
880 1339 1057 1372 litterarum
1073 1349 1207 1371 numero
1223 1344 1390 1370 extrusum
1406 1344 1439 1369 et
1452 1340 1617 1369 tenarius·
1633 1348 1800 1371 numerum
1817 1338 1990 1382 designans

370 1397 427 1439 (cf.
450 1398 476 1436 5.
499 1399 542 1429 47
561 1407 588 1428 s.
612 1395 648 1428 F.
670 1395 756 1438 litt.).
1150 1402 1153 1405 ’

494 1451 641 1484 Alterum
664 1460 713 1484 est
734 1452 851 1485 Κάππα
874 1453 886 1494 (
902 1440 947 1511 φ
964 1452 994 1494 ),
1017 1457 1082 1484 tum
1104 1450 1210 1494 figura
1231 1457 1263 1482 et
1285 1456 1462 1493 potestate,
1486 1456 1552 1482 tum
1570 1451 1699 1482 nomine
1715 1457 1748 1482 et
1759 1433 1870 1491 ordine
1888 1450 1987 1493 Koph

367 1517 535 1559 phoenicio
553 1518 638 1561 (qap)
654 1518 868 1559 respondens,
891 1519 923 1549 in
949 1518 1053 1549 numis
1075 1515 1243 1551 Crotonis,
1266 1514 1496 1555 Syracusarum
1511 1522 1543 1545 et
1559 1513 1638 1546 alibi
1653 1513 1783 1546 obvium
1805 1514 1849 1558 (v.
1863 1513 1990 1546 Eckhel

366 1572 408 1604 D.
426 1571 466 1604 N.
482 1572 522 1611 ΙΙ,
539 1583 569 1614 p.
587 1575 663 1604 245e
675 1571 734 1611 IV,
751 1583 780 1614 p.
799 1575 870 1604 390.
883 1576 956 1604 392.
980 1570 1136 1604 Classical
1152 1570 1287 1602 Journal
1302 1570 1326 1602 1.
1343 1582 1373 1613 p.
1388 1571 1475 1612 330),
1490 1578 1602 1612 postea
1612 1571 1645 1602 in
1661 1570 1818 1603 obsoletis
1833 1578 1866 1603 et
1880 1581 1991 1614 super-

368 1630 516 1660 vacaneis
525 1627 679 1667 habitum,
697 1630 740 1660 ita
749 1635 795 1667 ut,
809 1639 906 1671 quum
921 1630 1041 1660 sensim
1054 1628 1134 1659 duae
1146 1626 1271 1659 litterae
1279 1626 1395 1669 Koppa
1410 1634 1441 1658 et
1449 1625 1564 1669 Kappa
1578 1628 1610 1658 in
1625 1637 1722 1658 unum
1733 1626 1846 1670 Kappa
1855 1628 1990 1666 coirent,

368 1685 482 1727 Koppa
501 1686 577 1726 (iam
591 1685 678 1726 prius
695 1685 727 1716 in
743 1684 868 1716 ltaliam
894 1691 1108 1717 transvectum
1130 1683 1237 1726 ibique
1251 1681 1282 1720 Q
1294 1682 1458 1724 scriptum)
1482 1680 1582 1714 solius
1597 1683 1732 1725 episemi
1747 1685 1810 1715 vim
1827 1684 1990 1715 retineret.

495 1740 617 1773 Similis
639 1742 720 1772 ratio
743 1748 792 1773 est
813 1740 989 1772 litterarum
1013 1739 1129 1783 Signa
1151 1746 1182 1771 et
1196 1737 1286 1778 San,
1310 1749 1442 1781 quarum
1466 1737 1600 1770 historia
1621 1746 1654 1771 et
1674 1746 1784 1772 mutua
1806 1741 1887 1772 ratio
1910 1738 1991 1771 mihi

368 1801 452 1832 hunc
473 1801 507 1832 in
530 1800 657 1832 modum
681 1800 879 1842 expedienda
894 1800 1030 1832 videtur.
1075 1800 1258 1842 Antiquitas
1275 1797 1391 1830 Graeci
1412 1808 1432 1828 a
1448 1796 1660 1830 Phoenicibus
1675 1805 1707 1830 et
1721 1797 1858 1832 Samech
1891 1781 1980 1861 4(-

368 1870 559 1913 adoptabant
580 1878 612 1901 et
629 1869 730 1902 sclam
752 1871 858 1910 (1.1..1
936 1872 1015 1914 W
1026 1871 1048 1911 ).
1093 1868 1176 1902 Illud
1197 1868 1312 1910 Signa
1325 1866 1529 1911 appellabant
1544 1878 1600 1910 pro
1615 1866 1747 1901 Sinclm
1761 1870 1882 1912 (⁸:720)
1895 1879 1928 1905 et
1939 1872 1992 1906 his

369 1951 481 1994 figuris
500 1951 674 1994 pingebant
696 1963 715 1982 a
737 1951 907 1994 phoenicio
929 1951 1064 1984 Samech
1086 1952 1208 1994 petitis:
1233 1936 1289 2011 ἦ
1333 1934 1377 1998 ζ
1414 1931 1459 1998 ἰ
1503 1948 1587 1990 (nisi
1617 1949 1698 1981 duae
1730 1954 1922 1992 posteriores
1950 1955 1989 1987 ad

370 2018 451 2051 zain
474 2034 517 2048 =
538 2018 618 2050 Zeta
638 2020 815 2061 pertinent,
841 2022 870 2059 ς.
892 2020 934 2052 47
957 2031 982 2052 s.
1005 2019 1066 2051 litt.
1089 2019 1235 2062 Sigma);
1272 2019 1349 2058 boc,
1375 2019 1427 2050 cui
1450 2027 1549 2049 sonus
1571 2018 1716 2059 asperior
1735 2025 1768 2050 et
1784 2030 1900 2052 raucus
1922 2029 1992 2053 erat

370 2077 470 2108 instar
493 2074 608 2113 Schin,
638 2075 703 2107 Σὰν
725 2075 939 2118 appellatum,
967 2083 1002 2107 ut
1022 2086 1102 2107 sono
1125 2083 1157 2107 et
1181 2076 1309 2107 nomine
1331 2075 1376 2106 ita
1397 2075 1493 2105 etiam
1514 2071 1620 2115 figura
1647 2072 1705 2113 (M
1732 2073 1789 2115 Μ)
1819 2074 1990 2118 phoenicio

371 2130 471 2163 Schin
490 2131 712 2173 respondebat.
756 2132 848 2170 Mox,
872 2143 967 2174 quum
990 2133 1138 2174 pinguior
1159 2132 1221 2162 iste
1243 2141 1341 2162 sonus
1363 2130 1487 2172 graecis
1508 2128 1639 2161 auribus
1661 2129 1842 2172 displiceret
1863 2139 1895 2163 et
1916 2144 1990 2165 raro

372 2187 552 2225 audiretur,
581 2194 712 2230 utraque
731 2187 786 2219 illa
807 2187 914 2220 littera
934 2190 967 2220 in
990 2198 1086 2219 unam
1109 2186 1289 2219 coalescere
1311 2187 1430 2228 coepit,
1453 2196 1547 2228 quam
1561 2184 1656 2217 lones
1670 2186 1772 2228 Σῖγμα
1791 2187 1993 2230 appellabant

373 2250 405 2276 et
425 2244 514 2275 tenui
533 2254 613 2274 sono
635 2255 651 2275 s
673 2244 938 2286 pronunciabant,
961 2243 1067 2276 Dores
1081 2250 1192 2275 contra
1209 2242 1274 2275 Σὰν
1297 2248 1508 2284 nuncupatam
1523 2242 1690 2284 pinguiore
1712 2253 1793 2275 sono
1815 2244 1994 2277 efferebant

375 2299 509 2340 (Herod.
532 2298 563 2338 I,
588 2300 680 2341 139),
704 2301 804 2332 donec
828 2312 925 2332 sonus
946 2302 1007 2332 iste
1030 2301 1167 2332 rusticus
1187 2307 1219 2331 et
1242 2301 1370 2342 spurius
1392 2299 1471 2341 (Σὰν
1495 2298 1642 2338 κίβδηλον
1664 2298 1754 2331 Pind.
1775 2301 1858 2342 apud
1874 2300 1992 2333 Athen.

375 2355 443 2395 XI,
471 2359 490 2388 5
523 2367 551 2398 p.
572 2356 654 2397 467)
681 2367 722 2387 ex
751 2356 883 2388 Graecis
913 2357 1006 2399 plane
1035 2355 1188 2399 expulsus
1222 2363 1270 2387 est
1299 2362 1331 2387 et
1359 2357 1392 2387 in
1423 2354 1662 2402 desuetudinem
1691 2355 1790 2394 abiit,
1819 2367 1881 2398 quo
1907 2357 1993 2389 facto

375 2422 542 2458 utrumque
564 2425 681 2446 nomen
695 2416 818 2457 ‚(Et‘yua
839 2422 871 2446 et
893 2416 970 2456 Σὰν)
994 2423 1025 2447 et
1046 2416 1208 2458 utriusque
1230 2414 1355 2447 litterae
1377 2414 1505 2460 figurae
1521 2415 1532 2456 (
1546 2400 1589 2470 J
1618 2420 1650 2445 et
1671 2413 1728 2455 M)
1750 2417 1931 2456 promiscue
1954 2418 1994 2450 de

375 2475 487 2506 eodem
515 2485 595 2507 sono
625 2476 771 2517 usurpari
802 2482 975 2516 coeperunt
997 2482 1028 2506 et
1049 2486 1178 2517 prorsus
1202 2476 1234 2506 in
1263 2485 1358 2506 unam
1385 2473 1523 2506 litteram
1547 2476 1707 2513 coierunt,
1736 2475 1769 2506 in
1793 2485 1866 2507 eum
1887 2483 1992 2510 autem

375 2530 539 2574 alphabeti
561 2530 687 2570 locum,
709 2542 803 2574 quem
825 2532 924 2572 Σῖγμα
947 2530 1113 2574 (Sainech)
1137 2532 1226 2574 prius
1249 2538 1476 2574 occupaverat,
1498 2542 1580 2563 nova
1600 2530 1707 2562 littera
1728 2529 1762 2567 Ξ
1782 2534 1940 2565 concessit
1949 2533 1994 2576 ⁸).

428 2661 449 2693 ⁸)
476 2662 629 2688 Sententiae
651 2666 758 2688 nostrae
783 2661 817 2688 de
840 2660 923 2697 signis
958 2644 1001 2713 ᾖ
1046 2644 1086 2704 ζ
1110 2666 1137 2689 et
1162 2662 1193 2687 M
1212 2660 1328 2697 (sigma)
1351 2661 1416 2689 olim
1439 2661 1555 2689 diversis
1578 2660 1684 2697 insigne
1706 2662 1898 2690 firmamentum
1923 2664 1995 2691 haud
