2242 2976
431 241 550 275 NUMI
572 241 723 275 PUNICI
745 242 966 276 AFRICANI.
1011 243 1049 278 B.
1072 230 1189 276 NUM'I
1212 242 1399 276 URBIUM.
1443 243 1571 276 XXIII.
1592 242 1755 278 VACCA.
1843 247 1915 284 321

290 347 392 379 neque
414 338 513 381 amb,
552 338 608 370 sed
640 339 822 370 necessario
844 344 893 369 est
912 337 988 380 *pub
1002 346 1010 372 ι
1049 337 1302 380 quandoquidem
1326 338 1420 369 tertia
1441 336 1548 369 littera
1570 338 1602 368 in
1628 336 1786 380 exemplis
1814 337 1851 370 F.
1877 337 1916 370 G.

287 392 330 424 Il.
367 400 400 424 et
433 395 467 425 in
500 393 723 426 Mionnetiano
755 395 939 426 notissimas
975 393 1072 425 habet
1100 393 1226 425 litterae
1249 393 1312 425 Jod
1344 393 1482 436 figuras,
1515 394 1599 425 unde
1630 401 1778 436 apparet,
1815 397 1911 427 etiam

234 485 240 491 ‚
288 448 425 492 figuram
463 449 592 482 aliunde
628 461 693 482 non
722 452 883 493 cognitam
913 451 947 481 in
976 449 1109 492 reliquis
1136 450 1268 491 (eadem
1299 451 1455 492 reperitur
1486 450 1519 481 in
1550 451 1681 482 incertis
1712 461 1765 482 no.
1796 451 1915 483 XXVI

284 503 346 538 litt.
381 505 418 537 A.
455 505 502 548 Β)
541 505 610 538 Jod
647 517 739 546 esse,
785 507 868 549 quod
905 507 1008 548 ipsum
1051 506 1133 538 bene
1175 505 1329 548 explicari
1367 512 1481 548 potest.
1541 506 1600 538 Est
1635 508 1721 538 enim
1759 506 1815 538 illa
1853 508 1911 539 Jod

285 561 410 593 litterae
445 562 551 605 figura
586 574 639 595 no.
670 566 722 595 23.
745 566 786 595 24
822 563 915 605 (pag.
945 563 1005 604 31)
1042 563 1189 601 inversa,
1225 563 1316 594 cuius
1350 563 1478 605 generis
1513 562 1633 594 formas
1668 563 1700 594 in
1732 562 1912 596 Numidicis

284 619 349 650 iam
385 617 492 661 plures
527 618 769 651 observavimus
807 620 860 659 (v.
896 620 930 650 in
967 620 1072 650 numis
1102 618 1201 650 lubae
1235 618 1266 650 11
1297 629 1370 661 pag.
1401 620 1471 650 317.
1501 619 1592 660 318).
1644 618 1780 651 Fallitur
1809 621 1910 653 Lind-

286 674 415 717 bergius
431 697 442 714 ,
491 676 545 717 qui
588 676 721 708 eandem
756 674 897 707 litteram
939 676 972 707 in
1011 673 1202 706 Cossuraeis
1244 675 1385 706 secundo
1429 674 1500 706 loco
1540 685 1722 717 comparere
1763 676 1912 709 observat

281 730 384 771 (mihi
409 730 473 762 tale
502 730 686 774 exemplum
718 743 783 764 non
812 733 975 775 cognitum
1004 738 1071 770 est,
1109 742 1214 773 neque
1237 732 1324 763 dedit
1345 731 1601 774 Lindbergius):
1634 732 1662 762 si
1685 742 1761 764 vero
1785 744 1910 776 compa-

284 794 389 826 reret,
428 787 514 819 idem
538 787 599 819 hoc
620 788 789 830 probaret,
827 798 897 819 eam
919 788 980 819 Jod
1004 798 1094 826 esse,
1132 798 1195 818 non
1219 787 1327 819 Schin.
1370 788 1541 819 Praeterea
1564 786 1684 819 Bocchi
1708 799 1823 820 nomen
1847 790 1909 832 (de

284 844 374 875 cuius
396 854 474 875 vero
497 850 604 885 etymo
626 854 655 875 v.
677 843 734 877 lib.
757 844 818 884 IV,
841 846 869 884 ς.
887 847 926 876 18
943 843 976 876 h.
995 843 1064 886 v.),
1087 845 1120 875 in
1143 854 1205 886 quo
1229 854 1280 883 os,
1303 854 1342 875 ue
1364 855 1382 875 a
1406 843 1538 875 Graecis
1561 850 1592 874 et
1614 844 1741 876 Latinis
1766 845 1908 877 additum

283 906 343 938 est,
367 901 400 931 in
422 901 493 942 ipsa
513 899 623 943 lingua
645 907 677 932 et
697 902 854 943 scriptura
874 900 996 932 Punica
1017 900 1116 931 scribi
1139 911 1201 931 non
1219 907 1342 942 poterat
1356 909 1447 944 iupa:
1474 901 1642 942 ipsumque
1657 910 1714 943 ηπ
1730 900 1908 933 Hamakeri

281 954 444 997 probabili
465 963 571 998 etymo
594 963 726 991 careret.
748 975 787 981 —-
816 956 966 988 Alterum
988 962 1093 987 autem
1116 956 1306 988 vocabulum
1330 956 1415 988 haud
1438 956 1533 994 dubie
1549 956 1720 1000 legendum
1743 964 1792 990 est
1815 961 1906 1002 ἤρξω

282 1012 367 1053 (non
391 1011 523 1054 apuu),
551 1012 593 1043 cf.
615 1013 656 1044 ad
678 1012 850 1043 secundam
871 1011 1012 1043 litteram
1035 1010 1165 1044 Numid.
1188 1016 1220 1051 2,
1244 1016 1272 1044 1.
1302 1015 1334 1051 3,
1353 1018 1366 1044 1
1395 1013 1448 1054 (in
1468 1013 1533 1056 Ἴδη
1543 1013 1566 1055 ).

408 1087 520 1120 Prodit
541 1089 649 1130 itaque
671 1089 816 1129 integrae
838 1086 1030 1130 epigraphes
1052 1085 1132 1119 haec
1153 1086 1266 1119 lectio:

596 1160 705 1224 wpbn
737 1159 832 1223 ψειεν
1172 1163 1280 1200 arba·
1316 1164 1497 1201 Herculis

282 1255 438 1288 brevioris
459 1255 555 1287 haec:

688 1309 783 1372 upnb
1167 1313 1276 1349 urhis
1302 1314 1318 1362 (
1334 1313 1504 1361 Vaccae)

280 1395 368 1439 quod
388 1396 434 1427 ita
453 1391 589 1426 illustro.
632 1393 793 1426 Nimirum
815 1402 870 1438 ’,τ-ἰ
890 1395 969 1427 mihi
992 1405 1063 1427 esse
1084 1395 1210 1427 videtur
1229 1395 1422 1429 vocabulum
1441 1397 1675 1440 Aegyptiacum
1696 1398 1773 1430 satis
1796 1399 1903 1431 tritum

278 1455 358 1484 fiam
381 1450 468 1490 urbs,
493 1451 577 1494 quod
599 1452 633 1482 in
646 1449 790 1494 linguam
808 1451 1013 1483 Phoenicium
1029 1458 1188 1494 receptum
1203 1459 1264 1492 est,
1288 1459 1323 1484 ut
1337 1459 1384 1485 tot
1397 1452 1460 1484 alia
1473 1453 1671 1496 Aegyptiaca
1696 1454 1797 1495 (587,
1817 1456 1900 1502 amg)

278 1510 313 1541 in
340 1507 486 1551 linguam
515 1507 711 1539 Hebraeam.
760 1507 857 1539 Aliud
892 1509 962 1540 eius
991 1509 1162 1551 vestigium
1193 1510 1226 1540 in
1257 1508 1385 1541 Punicis
1417 1509 1517 1542 habes
1545 1511 1578 1541 in
1607 1509 1715 1542 verbis
1745 1498 1903 1543 Plautinis

280 1565 400 1607 (Poen.
425 1563 475 1602 V,
497 1568 536 1602 2,
558 1565 636 1606 42):
672 1567 718 1595 mi
744 1563 805 1596 bar
835 1563 933 1596 bocca
960 1565 983 1599 i.
1013 1575 1041 1597 e.
1073 1572 1131 1608 'pn
1165 1572 1209 1599 τι
1239 1572 1273 1597 ³72
1310 1568 1382 1608 quie
1401 1566 1502 1605 filim
1531 1565 1637 1605 urbis,
1674 1577 1716 1597 ex
1739 1577 1800 1608 qua
1822 1568 1901 1599 urbe

280 1622 434 1653 oriundus
465 1619 520 1652 es?
549 1620 598 1662 (v.
623 1619 680 1651 lib.
702 1619 752 1651 IV
781 1622 809 1659 ἑ.
843 1620 921 1662 14),
959 1628 991 1652 et
1019 1622 1054 1653 in
1083 1620 1296 1664 Heliopoleos
1326 1621 1426 1663 Syrae
1453 1623 1582 1654 nomine
1612 1622 1788 1654 domestico
1819 1624 1901 1665 apud

279 1677 405 1710 Arabes
429 1683 555 1708 servato
577 1677 679 1718 *³54³*
701 1676 847 1708 Baalbek
871 1678 893 1708 i.
916 1688 943 1708 e.
969 1677 1086 1710 Baulis·
1107 1681 1237 1710 civitas.
1281 1676 1408 1710 Nomen
1432 1680 1596 1722 proprium
1619 1679 1716 1722 igitur
1738 1679 1841 1719 urbis,
1868 1682 1900 1711 in

280 1748 343 1780 qua
362 1747 478 1768 numus
501 1742 609 1767 noster
631 1747 724 1768 cusus
747 1743 813 1774 est,
843 1738 1003 1779 integrum
1023 1744 1091 1768 erat
1114 1739 1202 1781 ἤρθη
1227 1748 1282 1783 '17³
1306 1742 1425 1771 civitas
1438 1739 1612 1776 Herculia,
1643 1743 1753 1780 utpote
1768 1738 1901 1770 Herculi

279 1798 482 1831 consecrata,
512 1798 547 1823 ut
567 1791 815 1823 innumerabilia
837 1791 900 1824 alia
923 1792 1040 1835 oppida
1063 1793 1202 1834 Punica,
1232 1797 1263 1828 id
1282 1796 1364 1838 quod
1388 1795 1518 1837 egregie
1534 1795 1682 1825 convenit
1698 1805 1769 1826 cum
1787 1796 1901 1827 clavae

281 1848 471 1881 emblemate
494 1849 527 1879 in
549 1849 674 1890 postica
695 1854 727 1879 et
747 1849 848 1890 ipsius
870 1847 1022 1880 Herculis
1045 1852 1163 1891 capite,
1195 1853 1279 1893 quod
1302 1853 1335 1882 in
1362 1848 1588 1882 nonnullorum
1611 1851 1717 1881 antica
1740 1858 1902 1892 comparet

280 1906 464 1949 (Lindberg
486 1916 515 1947 p.
538 1907 579 1936 26
608 1903 646 1936 cl.
669 1903 746 1946 IV).
791 1903 927 1936 Brevius
946 1911 1051 1936 autem
1074 1905 1131 1938 illa
1155 1909 1278 1947 civitas,
1301 1909 1420 1940 omisso
1443 1908 1534 1950 *ipbn
1547 1930 1556 1945 ,
1582 1913 1638 1949 ip:
1662 1906 1901 1948 appellabatur,

281 1963 366 2006 quod
395 1963 521 2005 proprie
550 1961 675 2004 quidem
705 1960 814 1992 urbem
846 1960 1034 2003 significans
1054 1963 1087 1993 in
1111 1974 1226 1995 nomen
1252 1965 1413 2006 proprium
1437 1963 1580 2002 abierat,
1610 1969 1645 1994 ut
1670 1962 1765 1994 Cirta
1788 1962 1900 1994 Numi-

280 2019 353 2051 diae
388 2019 411 2050 i.
455 2029 482 2050 e.
518 2026 590 2060 na?
630 2017 724 2056 urbs,
772 2018 854 2060 apud
890 2016 1030 2049 Arabes·
1051 2020 1140 2069 25⁴³OE
1178 2027 1280 2053 moen
1319 2021 1395 2052 urbs·
1426 2019 1630 2062 prophetae,
1670 2018 1766 2061 vulgo
1800 2025 1900 2060 &Aa

279 2079 439 2118 Medina,
460 2079 494 2109 in
518 2077 626 2108 Sacris
654 2081 736 2123 ηψπ)
761 2086 806 2122 Ἶξ
834 2076 910 2108 urb-v
931 2076 1066 2116 Moabi,
1091 2078 1220 2111 brevius
1244 2088 1288 2126 *³:04
1310 2079 1427 2122 (urbs)
1450 2078 1547 2111 Num.
1564 2082 1615 2118 21,
1636 2078 1686 2110 15.
1710 2077 1805 2110 Deut.
1824 2082 1853 2117 2,
1870 2082 1900 2117 9,

280 2142 374 2178 atque
404 2140 559 2166 sexcenta
596 2133 630 2165 id
666 2143 768 2176 genus
796 2132 859 2164 alia
897 2143 927 2164 v.
956 2144 983 2164 c.
1025 2133 1162 2167 Colonia
1197 2136 1410 2179 Agrippina,
1456 2135 1586 2167 brevius
1626 2135 1779 2173 Colonia,
1816 2135 1898 2166 unde

284 2191 382 2231 Cala,
410 2191 545 2223 Keulen
565 2191 601 2232 *).
645 2187 920 2221 Pronunciabatur
943 2188 1023 2221 illud
1051 2193 1180 2233 proprie
1211 2192 1303 2224 Buca
1333 2194 1408 2239 (sp-2Y
1437 2192 1477 2224 cf,
1501 2200 1560 2235 ³2³²?
1591 2192 1694 2224 LXX
1717 2192 1811 2227 Σηιᾶ,
1840 2192 1899 2235 'Til-,³

281 2246 426 2291 Σάῤῥα),
463 2248 537 2279 dein
567 2247 672 2285 Vaca,
709 2246 815 2277 Vacca
845 2244 907 2286 (cf.
938 2244 1017 2277 illud
1040 2245 1224 2280 Plautinum
1248 2249 1390 2291 bocca),
1430 2255 1461 2280 et
1493 2259 1510 2280 c
1536 2248 1643 2280 littera
1672 2259 1713 2279 ex
1745 2246 1901 2289 peculiari

280 2305 416 2346 quodam
425 2303 577 2335 Afrorum
592 2303 744 2334 idiomate
760 2301 799 2342 **)
817 2302 961 2343 mitigata
982 2302 1087 2344 Vaga,
1104 2302 1193 2345 Βάγα
1213 2305 1317 2346 (arab.
1341 2308 1419 2339 ³2>La
1428 2308 1449 2348 ),
1462 2305 1545 2348 quod
1560 2315 1737 2348 quanquam
1752 2310 1783 2334 et
1796 2304 1898 2345 ipsum

281 2364 444 2405 antiquum
465 2370 498 2395 et
517 2363 692 2405 genuinum
715 2368 781 2399 est,
804 2367 910 2392 tamen
933 2361 1016 2402 apud
1032 2360 1219 2395 Sallustium
1244 2365 1433 2407 optimorum
1459 2365 1603 2397 codicum
1626 2365 1822 2405 scripturae,
1847 2363 1898 2403 qui

332 2497 357 2529 ⁴¹)
376 2498 446 2525 Vide
465 2507 533 2532 quae
554 2502 646 2524 contra
665 2496 845 2522 Hamakerum
860 2494 1053 2528 disputavimus
1123 2499 1265 2533 Hodieque
1288 2500 1378 2527 Mauri
1404 2508 1441 2536 ὁ
1468 2502 1495 2525 et
1521 2490 1554 2523 υς
1578 2498 1606 2524 iu
1628 2497 1716 2523 multis
1741 2496 1853 2522 vocibus
1880 2503 1896 2530 g

283 2546 312 2571 5¹¹
329 2545 479 2572 θῑθῐῦἷῖθίῑ·
498 2546 631 2582 ΡθῙθθ-Οέῐ·
650 2555 675 2580 Ρ·
690 2547 748 2571 ¹02·
771 2545 829 2570 103·
1121 2553 1300 2584 pronunciare
1316 2557 1342 2578 et
1356 2552 1439 2577 tribus
1454 2550 1559 2584 punctis
1573 2550 1688 2576 scribere
1703 2548 1789 2572 solent
1802 2566 1808 2578 ‚
1833 2555 1861 2572 v.
1877 2555 1900 2572 c.

337 2599 387 2635 **)
412 2601 454 2628 Cf.
473 2603 581 2636 Tucca,
601 2604 712 2639 D'ugga3
737 2594 823 2628 wilm
842 2601 935 2632 Mazga
948 2608 975 2633 p.
993 2599 1051 2626 162.
1121 2597 1180 2636 Sti
1193 2607 1239 2634 vel
1262 2591 1318 2635 A&
1341 2605 1383 2637 gal
1401 2602 1476 2629 dixit.

1479 2657 1516 2684 41
