2242 2976
877 248 1306 297 PRAEFATlo.
1572 240 1574 243 '
1839 253 1902 288 vn

289 358 384 396 quae
410 346 481 383 sibi
506 351 657 394 praesto
685 345 845 388 fuerint,
870 344 1061 392 paucitate
1088 340 1382 392 conquerantur,
1419 347 1484 383 alii
1512 349 1576 395 qui
1597 348 1765 397 inopiam
1791 349 1901 387 fateri

289 411 413 448 nolint
426 423 466 447 re
481 411 563 459 ipsa
579 422 663 447 eam
678 409 828 461 abunde
843 409 1019 457 prodant.
1037 408 1207 457 Namque
1224 415 1304 446 tum
1321 411 1403 459 ipsa
1417 420 1664 450 monumenta
1679 420 1760 451 tum
1776 414 1902 452 docto—

281 488 373 514 rum
392 476 587 523 hominum
609 475 649 510 in
665 486 711 511 ea
727 474 988 521 commentarii
1012 480 1090 509 tam
1114 474 1240 510 multis
1261 475 1301 510 in
1328 478 1503 523 operibus
1519 484 1557 514 et
1570 480 1903 527 sumptuosissimis

289 548 328 577 et
341 553 450 589 aegre
472 540 703 589 parabilibus
724 545 837 587 atque
863 538 937 574 alia
961 539 1091 574 omnia
1115 540 1394 576 continentibus
1417 541 1583 589 dispersa
1603 550 1729 590 erant,
1760 551 1802 581 ut
1825 556 1903 581 non

289 607 370 643 sine
393 606 514 658 multo
539 595 669 641 labore
695 610 923 652 sumptuque
947 615 1024 639 non
1052 603 1232 639 mediocri
1256 605 1296 640 in
1320 617 1436 641 unum
1462 607 1621 644 conferri
1640 615 1804 656 possent.
1859 610 1904 646 In

290 683 367 707 uno
407 671 549 719 Koppii
585 670 701 705 libro:
743 667 879 704 Bilder
912 668 996 703 und
1029 666 1228 715 Schrzften
1263 669 1332 704 der
1378 670 1532 707 Vorzeit
1570 671 1611 708 T.
1647 674 1675 708 1.
1705 674 1760 718 II,
1804 674 1906 722 quod

289 721 539 784 plurimorum
566 740 716 771 nostrae
738 734 873 770 aetatis
897 733 1263 781 Palaeographorum
1284 735 1507 782 primarium
1520 737 1602 782 nisi
1615 738 1767 774 unicum
1786 739 1904 775 subsi-

291 800 413 853 dil¹¹¹¹÷
429 806 468 837 et
499 799 761 837 adiumentum
791 798 905 834 fuisse
930 797 1099 842 videtur,
1135 800 1451 846 praestantiorum
1478 802 1711 848 quarundam
1737 803 1906 851 (septen-

291 865 432 910 decim,
457 867 498 901 ni
525 865 654 912 fallor)
677 864 968 912 inscriptionum
991 863 1133 910 sylloge
1156 865 1360 911 reperitur,
1396 865 1443 901 ab
1470 866 1550 902 aliis
1565 866 1670 903 nulla
1691 869 1908 905 necessitate

290 930 467 979 repetita:
505 930 572 966 sed
597 941 718 978 neque
736 928 971 981 >locupletem
996 939 1118 981 neque
1147 929 1238 964 satis
1259 929 1374 965 fidam
1401 941 1481 965 esse
1506 930 1604 966 hanc
1629 932 1909 980 supellectilem,

293 995 401 1032 facile
429 995 667 1039 fatebuntur,
697 993 762 1042 qui
787 993 926 1036 sciant,
955 992 1054 1034 ultra
1082 994 1273 1040 octoginta
1296 995 1559 1043 inscriptiones
1582 1000 1682 1032 n'unc
1713 1007 1764 1032 ex
1789 1003 1911 1033 terrae

293 1060 434 1108 gremio
467 1059 678 1103 emersisse,
710 1058 986 1107 >Koppiumquo
1021 1057 1171 1105 quidem
1203 1059 1367 1107 optima,
1411 1071 1506 1108 quae
1539 1060 1587 1096 ad
1612 1073 1769 1097 manum
1795 1068 1913 1105 erant,

294 1124 473 1173 exempla
498 1124 746 1172 expressisse,
784 1122 851 1159 sed
877 1134 925 1158 ne
951 1123 1062 1159 unius
1089 1122 1241 1171 quidem
1269 1124 1542 1173 autographum
1568 1125 1729 1170 vidisse,
1772 1125 1913 1162 nedum

296 1189 520 1226 delineando
560 1190 754 1225 imitatum
795 1199 886 1225 esse.
952 1187 1148 1232 Secunda,
1193 1200 1310 1237 eaque
1343 1190 1463 1226 multo
1504 1191 1671 1237 gravior,
1713 1202 1843 1227 caussa
1875 1191 1916 1226 in

295 1254 583 1303 inscriptionum
617 1253 804 1302 exemplis
836 1257 913 1288 non
950 1253 1039 1289 satis
1071 1259 1243 1290 accurate
1272 1254 1385 1291 editis
1417 1255 1591 1292 cernitur.
1629 1254 1707 1291 rNe
1741 1256 1840 1291 enim
1869 1254 1916 1291 de

297 1318 523 1367 apographis
549 1318 692 1362 dicam,
720 1330 816 1366 qnae
842 1317 906 1354 vel
921 1319 1061 1366 raptim
1088 1319 1167 1355 fere
1188 1325 1228 1355 et
1246 1320 1493 1366 negligentius
1517 1320 1581 1357 vel
1607 1331 1658 1356 ex
1679 1319 1918 1368 autographis

294 1383 397 1427 ,male
423 1381 561 1417 habitis
594 1382 695 1416 facta
720 1388 826 1423 sunt,
868 1393 930 1417 eas
957 1381 1052 1416 adeo
1079 1390 1413 1420 monumentorum
1447 1384 1643 1429 editiones,
1685 1385 1731 1420 de
1759 1396 1917 1433 quarum

298 1446 372 1483 fide
401 1453 444 1482 .et
477 1445 690 1492 integritate
732 1455 844 1479 nemo
886 1443 965 1478 fere
1001 1443 1257 1489 dubitaverat,
1306 1449 1361 1482 ita
1394 1454 1630 1494 comparatas
1663 1460 1742 1484 esse
1775 1449 1917 1492 inveni,

299 1519 360 1557 ut,
392 1512 456 1559 qui
481 1510 538 1546 his
564 1510 689 1556 figuris
715 1508 972 1551 inhaererent,
1014 1519 1091 1544 non
1117 1516 1271 1557 possent
1296 1522 1373 1546 non
1400 1511 1442 1545 in
1467 1511 1512 1546 iis
1537 1511 1770 1559 explicandis
1793 1512 1919 1548 oleum

302 1584 340 1613 et
365 1587 520 1625 operam
546 1573 713 1623 perdere.
768 1571 872 1616 Quae
899 1572 969 1608 hac
992 1572 1102 1614 dere
1117 1580 1205 1610 ante
1221 1574 1288 1611 hos
1304 1576 1381 1611 fere
1396 1587 1539 1611 novem
1556 1587 1676 1613 annos
1695 1583 1920 1626 conquestus

302 1648 382 1678 erat
417 1641 483 1677 ceL
519 1637 764 1682 Quatremere
791 1636 845 1686 4),
883 1637 1056 1686 equidem
1083 1650 1205 1687 nuper
1230 1640 1393 1688 iniquius
1419 1641 1498 1678 fere
1524 1648 1563 1678 et
1588 1653 1667 1677 non
1691 1642 1771 1677 sine
1799 1642 1924 1690 aliqua

303 1707 474 1744 veritatis
514 1704 768 1753 superlatione
809 1699 910 1739 dicta
956 1715 1054 1747 esse,
1103 1704 1143 1740 in
1182 1705 1360 1753 exempla
1406 1712 1504 1742 certe
1546 1706 1594 1742 ab
1631 1706 1845 1742 Humberto
1887 1712 1925 1742 et

302 1771 522 1808 Hamakero
548 1769 651 1805 edita
674 1768 805 1805 cadere
827 1780 906 1804 non
930 1780 1040 1816 posse
1067 1770 1283 1806 existimavi
1302 1769 1353 1818 ⁵):
1381 1771 1445 1807 sed
1474 1782 1567 1807 mox
1592 1771 1650 1806 his
1675 1772 1765 1819 ipsis
1790 1782 1924 1807 monu-

305 1837 442 1873 mentis
469 1840 640 1871 accurate
667 1833 895 1869 examinatis
911 1833 1068 1869 meliora
1084 1834 1237 1871 edoctus
1253 1836 1443 1881 intellexi,
1466 1848 1544 1872 non
1559 1837 1670 1872 aliam
1688 1836 1737 1872 ob
1753 1847 1925 1872 caussam

305 1901 565 1938 Hamakerum
592 1899 632 1933 in
659 1909 803 1934 errores
828 1898 1048 1942 incurrisse,
1081 1911 1194 1947 quam
1221 1900 1323 1948 quod
1349 1901 1528 1949 exempla
1551 1902 1587 1937 ei
1600 1901 1767 1949 primum
1787 1899 1926 1937 tradita

306 1967 431 2002 minus
457 1969 627 2018 accurate
654 1963 759 2011 picta
784 1963 935 1999 fuerint.
996 1962 1101 2000 Idem
1138 1964 1314 2014 deinceps
1339 1967 1529 2014 permulta
1555 1966 1629 2002 alia
1656 1967 1923 2003 confirmarunt

307 2036 553 2067 monumenta
569 2035 608 2064 et
620 2029 701 2076 ipsa
714 2039 794 2074 non
811 2027 990 2064 mediocri
1004 2040 1110 2074 cura,
1137 2031 1310 2078 quamvis
1326 2043 1349 2067 a
1364 2032 1456 2068 viris
1471 2032 1676 2080 scripturae
1702 2031 1924 2069 Phoeniciae

371 2193 409 2233 4)
449 2193 597 2223 Memoire
631 2202 682 2220 sur
718 2187 853 2230 quelques
893 2191 1083 2231 inscriptions
1152 2189 1396 2230 Hr.Hamaker‚
1417 2190 1553 2235 geliefert
1570 2190 1707 2230 worden,
1733 2190 1781 2221 die
1795 2191 1927 2220 Amoen-

308 2247 464 2287 Puniques,
481 2245 567 2274 Paris
583 2246 676 2280 1828,
701 2245 806 2282 p.13:
834 2240 891 2278 „Il
905 2249 946 2271 est
961 2243 1082 2278 certain,
1153 2242 1233 2283 dung
1260 2245 1338 2281 jener
1364 2243 1468 2284 obigere
1503 2243 1693 2284 allgemeinen
1719 2242 1819 2283 Klage
1847 2241 1926 2272 nicht

310 2312 364 2341 que
379 2295 545 2328 l'exireme
558 2295 763 2338 imper-fection
778 2293 827 2324 des
841 2295 937 2334 copies
946 2293 1084 2336 firment
1154 2295 1345 2338 Stattfinden
1347 2317 1459 2326 ......
1507 2295 1588 2326 Man
1601 2295 1678 2325 wir-d
1691 2294 1755 2325 also
1770 2294 1926 2325 annehmen

310 2364 347 2380 un
370 2348 499 2381 obstacle
516 2360 638 2389 presque
657 2345 886 2380 insurmontable
898 2358 974 2386 pour
993 2345 1085 2376 l'eoe-
1153 2347 1265 2377 k'o'nnen
1284 2347 1343 2378 und
1357 2349 1491 2388 mic‘ssen,
1514 2348 1584 2378 dass
1602 2347 1649 2377 die
1662 2360 1718 2378 von
1734 2349 1823 2377 einem
1846 2345 1924 2376 sol-

308 2402 454 2444 plicaiion
468 2400 503 2430 de
517 2412 562 2431 ces
576 2411 752 2430 monumens.
766 2400 788 2415 “
1156 2412 1171 2430 c
1180 2400 1219 2429 Ῐιε
1228 2413 1246 2429 n
1267 2402 1491 2442 Herausgeber,
1523 2401 1574 2431 der
1594 2400 1649 2430 [ἴση
1663 2399 1746 2430 Stein
1770 2398 1857 2429 selbst
1872 2409 1926 2427 vor

375 2454 406 2495 5)
437 2453 569 2494 Allgem.
607 2452 684 2482 Litt.
719 2451 797 2480 Zeit.
842 2454 922 2481 1835
961 2450 1086 2491 (mense
1155 2451 1220 2482 sich
1242 2452 1338 2489 hatte,
1364 2452 1571 2493 mitgelheilien
1592 2453 1694 2493 Ziige,
1725 2449 1858 2481 wirkliclz
1870 2448 1936 2493 aff

314 2506 471 2548 Augusto)
501 2507 540 2536 T.
563 2506 596 2535 11
620 2516 651 2545 p.
677 2503 757 2534 445:
792 2525 814 2540 ‚,
829 2502 904 2533 Was
930 2502 985 2533 das
1007 2502 1087 2533 Gra-
1156 2503 1219 2533 clem
1250 2505 1346 2534 steine
1376 2505 1509 2535 sichtbar
1535 2504 1619 2542 siml,
1662 2503 1741 2533 keine
1764 2501 1845 2532 mehr
1865 2500 1935 2545 und⁴

313 2559 433 2599 phische
455 2557 585 2599 betrff,
618 2568 650 2586 so
671 2554 786 2585 rnechte
804 2555 855 2586 bei
875 2557 952 2585 einer
984 2554 1084 2597 Copie,
1155 2555 1235 2586 keine
1256 2559 1424 2597 weniger.“

319 2610 365 2639 die
377 2622 433 2641 von
448 2612 536 2640 tinem
550 2607 794 2652 gezqissenlzasien
807 2607 992 2638 Sachkenner
1001 2631 1009 2646 ,
1034 2610 1087 2638 wie

1473 2665 1529 2696 b2
