2242 2976
404 250 481 287 462
999 242 1228 278 APPEme
1249 243 1445 284 numm.

534 342 610 383 i’ag.
631 342 671 372 ⁵7
696 341 733 378 9.-
748 340 810 377 40,
830 341 869 377 2,
892 337 933 377 b,
963 336 1035 370 dele
1063 348 1145 381 quae
1175 339 1216 371 ds
1243 338 1393 382 exemplo
1419 340 1547 374 bes-ena
1567 339 1653 372 dicta
1674 346 1758 374 suut.
1779 340 1936 376 :Ns-'niu
1958 345 2028 386 ipsa

408 399 612 441 inscription·
635 394 768 428 Numid.
790 397 823 434 7,
846 397 861 427 1
886 393 1006 438 legitur
1026 395 1168 434 basma,
1197 402 1232 427 nt
1251 401 1362 438 postea
1383 395 1459 428 vidi.
1503 394 1648 440 Regulae
1669 394 1717 428 ibi
1737 398 1918 439 propositae
1938 398 2027 431 nulla

405 458 501 499 igitur
523 453 671 495 exceptio
696 457 755 483 est.

532 509 608 552 Pag.
629 511 671 541 ⁷4
693 518 761 550 sqq.
806 505 915 547 Quum
944 517 1002 547 ea,
1039 517 1121 551 qnae
1151 507 1191 539 de
1217 502 1426 551 inscriptione
1456 508 1609 541 Semitica
1637 509 1671 542 iu
1701 507 1802 542 latere
1832 508 2028 552 Babylonico

407 579 471 600 una
501 577 572 598 cum
599 564 714 597 litteris
738 564 883 595 cuneatis
906 570 1053 596 exstante
1075 556 1336 607 disputavimus‚'
1353 565 1418 597 iam
1447 566 1533 608 typis
1562 566 1723 609 exscripta
1749 573 1874 605 essent,
1910 567 2030 610 insigni

407 623 453 656 ill.
489 622 650 654 Rocbettii
679 618 905 652 benevolentia
932 620 973 651 ad
1003 630 1063 652 nos
1093 621 1238 663 pervenit
1266 620 1362 653 huius
1393 622 1495 664 ipsius
1524 622 1758 665 inscriptionis,
1794 633 1876 666 quae
1902 623 1967 654 iam
1995 624 2029 655 in

408 680 524 713 Museo
548 678 721 710 parisiensi
746 683 814 715 est,
839 683 992 718 ectypum
1015 685 1187 719 gypseum,
1213 687 1257 709 ex
1282 686 1346 719 quo
1367 676 1535 717 intellexi,
1559 686 1661 722 neque
1682 677 1804 722 Hugii,
1836 689 1940 722 neque
1963 677 2031 712 Ker

408 736 531 768 Porteri
561 733 743 777 exemplum
773 732 858 775 (tab.
882 735 918 765 31
947 743 999 765 no.
1021 735 1074 772 77,
1097 743 1126 765 a.
1145 733 1204 775 aa)
1234 734 1312 767 satis
1335 741 1518 767 accuratum
1542 744 1625 767 esse.
1667 734 1787 778 Figura
1807 736 1915 774 euim,
1949 745 2031 779 quae

407 792 489 835 apud
511 790 585 823 illos
607 791 702 822 tertia
723 797 773 822 est
797 797 829 821 et
853 788 936 821 Cher
957 799 1029 821 esse
1052 788 1240 832 putabatur,
1277 790 1448 823 manifesto
1480 790 1559 823 duas
1586 789 1730 831 litteras,
1762 791 1834 826 Tau
1854 798 1887 823 et
1907 789 2030 835 Alepk,

407 850 558 880 continet.
605 846 775 879 Praeterea
803 845 910 878 littera
940 845 1084 878 munda
1111 851 1145 877 et
1171 856 1261 878 nona·
1278 845 1372 884 *haud
1402 846 1500 893 dubie
1529 854 1580 880 est
1605 846 1690 887 sad,
1723 848 1866 880 minime¹
1883 847 1968 887 Vae,
1995 854 2032 880 ut

409 903 671 947 vulgoputatum
694 910 754 935 est.
797 901 944 934 Tertium
968 903 1066 945 igitur
1086 901 1268 945 exemplum
1290 903 1363 934 dedi
1386 902 1485 944 (ibid.
1504 905 1558 942 77,
1575 904 1674 943 ηοω,
1705 914 1748 936 ex
1768 913 1832 949 quo
1856 902 2031 947 appar-bk,

409 961 491 992 hanc
520 970 665 992 caussam
698 959 805 1003 paullo
827 958 920 991 aliter
941 958 1144 990 iudicandam
1165 969 1258 998 esse,
1286 966 1381 1002 atque
1411 969 1508 1002 supra
1529 960 1580 1002 (p.
1603 962 1645 992 74
1665 967 1698 992 et
1716 960 1798 1003 24⁷)
1825 960 1888 993 feci
1911 960 2029 1004 quippe

410 1028 451 1049 ex
474 1015 632 1059 exemplis
653 1016 798 1059 pendeus
816 1017 924 1049 minus
946 1016 1114 1047 accurretis.
1159 1013 1286 1047 Novem
1307 1016 1393 1046 enim
1414 1013 1540 1048 litterae
1555 1015 1630 1047 illae
1646 1027 1722 1048 vere
1736 1016 1931 1049 Phoeniciae
1944 1023 2030 1056 sunt,

410 1072 485 1105 licet
508 1074 548 1105 ad
571 1071 807 1105 Anmainmum
835 1070 1012 1115 paullulum
1043 1069 1234 1102 inclinantes
1263 1070 1325 1109 (cf.
1346 1070 1524 1103 Lamdet
1543 1062 1620 1105 Nun
1639 1073 1673 1104 iu
1695 1081 1838 1105 monum.
1861 1071 2031 1116 Cui-peut«,

412 1140 515 1172 neque
536 1140 600 1161 non
622 1129 793 1161 informem
815 1127 993 1159 litterarum
1013 1125 1173 1168 speciem)
1196 1132 1229 1157 et
1248 1126 1319 1157 sine
1342 1126 1473 1168 negotio
1498 1125 1664 1170 leguntur:

952 1190 1124 1224 *asaban-:1
1132 1211 1142 1227 ,
1178 1188 1229 1221 vel
1263 1190 1440 1224 ’sb-ibam*

410 1262 514 1305 quod
517 1261 645 1303 quidem
666 1258 826 1301 posterius
847 1263 977 1299 propter
1005 1267 1028 1292 -ι
1052 1263 1085 1288 et
1108 1258 1127 1292 b
1150 1257 1426 1300 incompatibiles,
1454 1268 1533 1300 quas
1556 1266 1671 1291 vocant
1685 1259 1905 1301 eremmanos,
1925 1262 2031 1294 miuus

409 1315 573 1361 probabile
604 1321 663 1347 est.
709 1313 774 1346 Sed
807 1323 871 1345 non
901 1313 1014 1345 eadem
1037 1320 1087 1345 est
1109 1314 1381 1356 interpretationis
1406 1313 1564 1354 facilitas,
1599 1316 1664 1348 imo
1686 1315 1766 1350 mihi
1787 1323 1851 1349 tam
1875 1315 2033 1351 obscurae

409 1380 481 1406 sunt
502 1374 583 1405 istae
604 1370 750 1410 litterae,
780 1376 816 1402 ut
836 1370 955 1402 certar‘u
977 1370 1017 1402 de
1038 1370 1080 1402 iis
1101 1371 1294 1402 sententiam
1318 1371 1424 1403 dicere
1447 1381 1511 1403 non
1535 1372 1650 1405 ausim.
1692 1372 1729 1404 Si
1743 1371 1920 1406 Phoeniciu
1934 1373 2033 1406 fuerit

410 1429 582 1467 dialectus,
623 1426 722 1459 verba
751 1427 808 1459 vix
835 1424 928 1459 aliter
956 1426 1094 1469 dispesci
1125 1433 1158 1458 et
1184 1425 1342 1469 explicari
1372 1428 1515 1470 possint,
1549 1438 1643 1471 quam
1675 1429 1739 1478 *⁴:⁷3*
1765 1429 1808 1472 bt!
1830 1438 1891 1473 127³
1911 1428 2032 1469 ἄοικα,

410 1497 452 1518 ne
483 1484 619 1517 lca-arcae
647 1494 717 1516 sse.-
748 1483 805 1515 sed
827 1482 890 1515 hoc
919 1483 1039 1514 nemini
1070 1481 1166 1514 facile
1188 1481 1345 1525 placebit,
1378 1494 1483 1527 neque
1501 1482 1695 1517 phoeniciae
1717 1483 1849 1518 dialecti
1877 1496 1970 1519 usum
1997 1486 2030 1519 in

413 1540 592 1583 Babylonia
617 1540 865 1583 exspectaveris.
918 1538 1096 1571 Praestabit
1122 1540 1240 1582 igitur,
1270 1540 1353 1583 qnod
1376 1540 1489 1572 suadet
1510 1541 1607 1573 etiam
1630 1540 1810 1574 litterarum
1830 1540 1959 1585 figura,
1991 1542 2031 1574 ad

411 1598 539 1641 linguae
560 1596 741 1629 Aramaeae
770 1594 860 1638 leges
888 1594 947 1627 has
968 1594 1091 1628 litteras
1113 1605 1265 1627 revocare
1286 1602 1318 1627 et
1339 1597 1384 1628 ita
1406 1597 1602 1639 dispescere:
1631 1598 1717 1633 snb-rb
1739 1605 1822 1632 ten-:t
1846 1597 1956 1631 donus
1975 1601 2032 1630 τοῦ

414 1654 521 1686 Dalm·
529 1678 538 1694 ‚
577 1664 641 1697 qua
671 1653 831 1684 sententia
861 1652 1001 1684 admissa
1022 1650 1083 1684 hae
1102 1650 1227 1684 litterae
1250 1653 1387 1695 cogitari
1409 1653 1532 1695 possint
1555 1652 1691 1697 singulis
1712 1652 1888 1694 lateribus,
1917 1649 2032 1697 quibus

413 1710 523 1742 Dalnii
554 1711 667 1742 domus
689 1707 875 1748 constabat,
907 1709 1085 1751 impressae
1107 1707 1218 1740 fuisse.
1261 1707 1326 1740 Sed
1350 1718 1445 1751 quum
1468 1707 1564 1741 huius
1587 1709 1710 1742 formae
1731 1720 1847 1743 nornen
1869 1711 2032 1754 proprium

413 1778 454 1799 ex
477 1766 587 1809 lingua
610 1766 769 1797 Aramaea
790 1771 878 1796 certe
899 1755 1052 1807 explicari
1078 1775 1143 1796 non
1164 1765 1281 1809 possit,
1311 1765 1408 1796 etiam
1431 1764 1507 1797 huic
1527 1766 1782 1809 interpretationi
1811 1777 1876 1799 nou
1897 1765 2031 1799 multata

413 1823 535 1862 tribuo,
557 1828 738 1864 certamque
762 1821 952 1853 seutentiam
975 1821 1031 1853 vix
1055 1821 1196 1861 dixeris,
1219 1821 1282 1853 nisi
1303 1819 1394 1863 plura
1421 1820 1517 1854 buius
1536 1823 1666 1866 generis
1684 1829 1891 1856 monumenta
1911 1824 1944 1855 in
1967 1821 2032 1855 illis

414 1878 599 1919 regionibus
621 1884 745 1921 reperta
772 1876 902 1924 {uer-im.

543 1948 618 1991 Pag.
642 1951 677 1980 81
700 1948 738 1987 3.
763 1948 814 1980 53.
857 1946 949 1979 Adde
979 1946 1187 1981 Eichhornii:
1216 1945 1381 1980 Marmora
1401 1946 1592 1988 Palmyrena
1613 1947 1774 1991 explicata
1795 1950 1828 1982 iu
1851 1933 2030 1982 comment.

418 2004 535 2035 Societ.
559 2004 703 2046 Gotting.
723 2014 787 2035 rec.
810 2001 888 2036 vol.
916 2002 969 2036 VI.
993 2002 1032 2035 cl.
1053 2003 1127 2037 hist.
1150 2011 1182 2035 et
1204 2001 1314 2046 philol.
1337 2015 1368 2047 p.
1390 2006 1431 2036 80
1452 2015 1521 2048 sqq.

545 2067 620 2110 Pag.
643 2071 683 2100 89
704 2070 734 2107 ς.
756 2070 808 2100 59.
853 2067 904 2100 De
926 2067 990 2100 alia
1012 2069 1148 2111 quadarn
1169 2070 1373 2108 coniectura,
1404 2079 1504 2112 eaque
1520 2069 1659 2102 fortasse
1674 2069 1903 2112 probabiliore,
1924 2081 2034 2104 uume-

416 2134 524 2157 rorurn
546 2130 639 2155 notae
661 2135 702 2155 ex
726 2132 813 2166 parte
831 2130 917 2156 certe
938 2135 957 2156 a
973 2123 1080 2156 littera
1101 2122 1218 2156 initiali
1241 2126 1391 2167 repetitae
1412 2132 1506 2164 sunt,
1535 2132 1569 2157 ut
1589 2126 1674 2169 apud
1685 2126 1821 2160 Latinos
1839 2115 1878 2160 M
1898 2137 1919 2159 a
1935 2126 2033 2161 oille-

417 2183 463 2215 lta
483 2187 529 2232 Ο
561 2184 687 2226 viganti
715 2183 767 2224 (p.
791 2186 843 2215 87.
867 2183 948 2225 270)
982 2194 1053 2215 esse
1083 2189 1187 2226 potest
1213 2182 1254 2215 ab
1278 2191 1404 2223 nuum,
1440 2185 1531 2217 cuius
1560 2185 1726 2218 dimidium
1753 2192 1803 2218 est
1841 2187 1886 2220 Ο
1928 2185 2031 2230 (uude

419 2242 515 2284 vulgo
537 2241 626 2282 —)
655 2255 700 2271 =.-
729 2241 857 2274 decem.-
894 2244 1022 2286 signum
1050 2249 1155 2274 autem
1185 2245 1408 2274 centenarium
1436 2254 1604 2276 numerum
1633 2243 1841 2287 significans,
1876 2246 1911 2278 in
1942 2245 2033 2277 euius

421 2299 519 2329 variis
548 2297 661 2329 formis
686 2298 737 2337 “-
761 2298 814 2336 57,
835 2298 874 2338 4)
904 2302 1024 2340 quarta
1057 2300 1166 2330 nativa
1187 2308 1259 2330 esse
1282 2298 1427 2338 videtur,
1463 2310 1483 2331 a
1505 2299 1675 2342 phoenicio
1694 2309 1718 2334 τι
1741 2316 1787 2332 =
1805 2309 1874 2335 m
1899 2302 2034 2343 repetita

419 2364 490 2386 esse
513 2354 624 2397 possit.

547 2421 815 2465 Pag.105.1n
843 2420 1056 2464 explicatione
1086 2423 1268 2456 Melitensis
1295 2425 1458 2457 rewndae
1486 2424 1511 2458 1.
1532 2436 1561 2458 c.
1589 2395 1759 2470 proposit·
1780 2426 1847 2459 duo
1869 2426 2032 2471 mihiipsi

418 2490 542 2521 semper
565 2478 809 2521 displicuerunt:
831 2487 939 2518 naun,
961 2480 1044 2521 quod
1067 2480 1163 2511 nimis
1184 2479 1304 2512 multae
1325 2487 1359 2512 et
1375 2482 1471 2514 nimis
1491 2481 1606 2514 breves
1621 2483 1823 2515 sententiae·
1813 2494 1846 2515 in
1862 2490 1936 2516 tam
1942 2483 2032 2517 brevi

420 2541 624 2567 monumento
646 2536 751 2566 minus
772 2536 857 2566 inter
877 2545 914 2566 se
936 2533 1142 2566 cohaerentes
1164 2543 1395 2576 statuerentur,
1423 2538 1572 2577 alterum,
1593 2538 1678 2581 quod
1696 2538 1779 2571 dnae
1792 2540 2033 2573 admitterentur

420 2593 595 2623 sententiae
614 2590 827 2634 sepulcrales,
849 2591 883 2623 in
898 2589 1014 2634 quibus
1027 2591 1167 2623 maxime
1182 2591 1284 2623 alteru
1303 2594 1396 2635 (nvn
1412 2601 1458 2628 nte
1480 2601 1550 2636 nnn
1571 2593 1641 2635 πῆ)
1662 2594 1797 2627 molesta
1813 2603 1892 2636 erat,
1913 2597 2031 2640 quippe
