<?xml version="1.0" encoding="UTF-8"?>
<!DOCTYPE html PUBLIC "-//W3C//DTD XHTML 1.0 Transitional//EN"
    "http://www.w3.org/TR/xhtml1/DTD/xhtml1-transitional.dtd">
<html xmlns="http://www.w3.org/1999/xhtml" xml:lang="en" lang="en">
 <head>
  <title>
</title>
<meta http-equiv="Content-Type" content="text/html;charset=utf-8" />
  <meta name='ocr-system' content='tesseract 3.04.00' />
  <meta name='ocr-capabilities' content='ocr_page ocr_carea ocr_par ocr_line ocrx_word'/>
</head>
<body>
  <div class='ocr_page' id='page_1' title='image "./scripturaelingua00geseuoft_0081.png"; bbox 0 0 2242 2976; ppageno 0'>
   <div class='ocr_carea' id='block_1_1' title="bbox 545 246 1900 288">
    <p class='ocr_par' dir='ltr' id='par_1_1' title="bbox 545 246 1900 288">
     <span class='ocr_line' id='line_1_1' title="bbox 545 246 1900 288; baseline -0.001 -7"><span class='ocrx_word' id='word_1_1' title='bbox 545 248 606 281; x_wconf 90' lang='lat' dir='ltr'><strong>DE</strong></span> <span class='ocrx_word' id='word_1_2' title='bbox 624 247 834 282; x_wconf 83' lang='lat' dir='ltr'><strong>LITTERIS</strong></span> <span class='ocrx_word' id='word_1_3' title='bbox 855 246 1122 280; x_wconf 81' lang='lat' dir='ltr'><strong>PHOENICIIS.</strong></span> <span class='ocrx_word' id='word_1_4' title='bbox 1166 250 1195 288; x_wconf 69' lang='grc'><strong>5.</strong></span> <span class='ocrx_word' id='word_1_5' title='bbox 1217 249 1268 280; x_wconf 82' lang='grc'><strong>33.</strong></span> <span class='ocrx_word' id='word_1_6' title='bbox 1309 246 1404 280; x_wconf 88' lang='lat' dir='ltr'><strong>TAU</strong></span> <span class='ocrx_word' id='word_1_7' title='bbox 1426 246 1632 280; x_wconf 84' lang='lat' dir='ltr'><strong>LITTERA.</strong></span> <span class='ocrx_word' id='word_1_8' title='bbox 1850 252 1900 287; x_wconf 82' lang='grc'><strong>47</strong></span> 
     </span>
    </p>
   </div>
   <div class='ocr_carea' id='block_1_2' title="bbox 272 342 1903 1182">
    <p class='ocr_par' dir='ltr' id='par_1_2' title="bbox 272 342 1902 557">
     <span class='ocr_line' id='line_1_2' title="bbox 273 342 1901 386; baseline 0 -11"><span class='ocrx_word' id='word_1_9' title='bbox 273 344 402 376; x_wconf 92' lang='lat' dir='ltr'><strong>unicum</strong></span> <span class='ocrx_word' id='word_1_10' title='bbox 430 350 480 376; x_wconf 85' lang='lat' dir='ltr'><strong>est</strong></span> <span class='ocrx_word' id='word_1_11' title='bbox 510 342 617 386; x_wconf 87' lang='lat' dir='ltr'><strong>Tugg.</strong></span> <span class='ocrx_word' id='word_1_12' title='bbox 646 342 704 375; x_wconf 87' lang='lat' dir='ltr'><strong>lin.</strong></span> <span class='ocrx_word' id='word_1_13' title='bbox 728 345 747 375; x_wconf 83' lang='lat'>3</span> <span class='ocrx_word' id='word_1_14' title='bbox 777 343 850 385; x_wconf 67' lang='grc' dir='ltr'><strong>(Ἶιυ</strong></span> <span class='ocrx_word' id='word_1_15' title='bbox 880 342 1066 385; x_wconf 85' lang='lat' dir='ltr'><strong>princeps).</strong></span> <span class='ocrx_word' id='word_1_16' title='bbox 1118 342 1277 374; x_wconf 85' lang='lat' dir='ltr'><strong>Videntur</strong></span> <span class='ocrx_word' id='word_1_17' title='bbox 1305 349 1411 375; x_wconf 86' lang='lat' dir='ltr'><strong>autem</strong></span> <span class='ocrx_word' id='word_1_18' title='bbox 1442 342 1621 374; x_wconf 84' lang='lat' dir='ltr'>Phoenices</span> <span class='ocrx_word' id='word_1_19' title='bbox 1658 343 1779 385; x_wconf 85' lang='lat' dir='ltr'><strong>pariter</strong></span> <span class='ocrx_word' id='word_1_20' title='bbox 1808 350 1901 385; x_wconf 78' lang='lat' dir='ltr'><strong>atque</strong></span> 
     </span>
     <span class='ocr_line' id='line_1_3' title="bbox 272 398 1902 442; baseline 0 -10"><span class='ocrx_word' id='word_1_21' title='bbox 272 399 429 432; x_wconf 79' lang='lat' dir='ltr'>Chaldaei</span> <span class='ocrx_word' id='word_1_22' title='bbox 462 407 494 432; x_wconf 89' lang='lat' dir='ltr'><strong>et</strong></span> <span class='ocrx_word' id='word_1_23' title='bbox 521 399 595 442; x_wconf 88' lang='lat' dir='ltr'><strong>Syri</strong></span> <span class='ocrx_word' id='word_1_24' title='bbox 622 400 817 432; x_wconf 85' lang='lat' dir='ltr'><strong>discriminis</strong></span> <span class='ocrx_word' id='word_1_25' title='bbox 846 410 943 432; x_wconf 87' lang='lat' dir='ltr'><strong>causa</strong></span> <span class='ocrx_word' id='word_1_26' title='bbox 964 398 1065 430; x_wconf 85' lang='lat' dir='ltr'><strong>multa</strong></span> <span class='ocrx_word' id='word_1_27' title='bbox 1089 398 1265 437; x_wconf 84' lang='lat' dir='ltr'><strong>vocabula,</strong></span> <span class='ocrx_word' id='word_1_28' title='bbox 1303 410 1384 442; x_wconf 85' lang='lat' dir='ltr'><strong>quae</strong></span> <span class='ocrx_word' id='word_1_29' title='bbox 1409 400 1495 442; x_wconf 84' lang='lat' dir='ltr'><strong>apud</strong></span> <span class='ocrx_word' id='word_1_30' title='bbox 1516 399 1685 431; x_wconf 87' lang='lat' dir='ltr'><strong>Hebraeos</strong></span> <span class='ocrx_word' id='word_1_31' title='bbox 1713 398 1852 430; x_wconf 86' lang='lat' dir='ltr'><strong>litteram</strong></span> <span class='ocrx_word' id='word_1_32' title='bbox 1876 401 1902 432; x_wconf 65' lang='lat' dir='ltr'><strong>in</strong></span> 
     </span>
     <span class='ocr_line' id='line_1_4' title="bbox 272 455 1893 499; baseline 0.001 -11"><span class='ocrx_word' id='word_1_33' title='bbox 272 456 407 496; x_wconf 87' lang='lat' dir='ltr'><strong>habent,</strong></span> <span class='ocrx_word' id='word_1_34' title='bbox 446 456 581 489; x_wconf 88' lang='lat' dir='ltr'><strong>Samech</strong></span> <span class='ocrx_word' id='word_1_35' title='bbox 608 456 717 489; x_wconf 87' lang='lat' dir='ltr'><strong>littera</strong></span> <span class='ocrx_word' id='word_1_36' title='bbox 746 457 931 499; x_wconf 78' lang='lat' dir='ltr'><strong>scripsisse,</strong></span> <span class='ocrx_word' id='word_1_37' title='bbox 970 462 1006 487; x_wconf 90' lang='lat' dir='ltr'><strong>ut</strong></span> <span class='ocrx_word' id='word_1_38' title='bbox 1034 456 1099 490; x_wconf 62' lang='lat' dir='ltr'><strong>bno</strong></span> <span class='ocrx_word' id='word_1_39' title='bbox 1128 456 1321 498; x_wconf 64' lang='lat' dir='ltr'><strong>intelligens</strong></span> <span class='ocrx_word' id='word_1_40' title='bbox 1349 467 1408 497; x_wconf 88' lang='lat' dir='ltr'><strong>pro</strong></span> <span class='ocrx_word' id='word_1_41' title='bbox 1436 457 1506 491; x_wconf 60' lang='lat'><strong>3:⁸27:</strong></span> <span class='ocrx_word' id='word_1_42' title='bbox 1533 455 1639 499; x_wconf 86' lang='lat' dir='ltr'><strong>Tugg.</strong></span> <span class='ocrx_word' id='word_1_43' title='bbox 1660 455 1718 487; x_wconf 92' lang='lat' dir='ltr'><strong>lin.</strong></span> <span class='ocrx_word' id='word_1_44' title='bbox 1742 458 1780 495; x_wconf 89' lang='lat'><strong>5,</strong></span> <span class='ocrx_word' id='word_1_45' title='bbox 1811 464 1893 490; x_wconf 54' lang='lat' dir='ltr'><strong>&#39;iano</strong></span> 
     </span>
     <span class='ocr_line' id='line_1_5' title="bbox 274 509 1581 557; baseline -0.002 -11"><span class='ocrx_word' id='word_1_46' title='bbox 274 515 445 557; x_wconf 86' lang='lat' dir='ltr'><strong>(princeps</strong></span> <span class='ocrx_word' id='word_1_47' title='bbox 474 513 644 554; x_wconf 82' lang='lat' dir='ltr'><strong>fortunae)</strong></span> <span class='ocrx_word' id='word_1_48' title='bbox 674 514 769 544; x_wconf 87' lang='lat' dir='ltr'><strong>inscr.</strong></span> <span class='ocrx_word' id='word_1_49' title='bbox 790 512 860 545; x_wconf 75' lang='lat'><strong>671)</strong></span> <span class='ocrx_word' id='word_1_50' title='bbox 883 519 914 544; x_wconf 87' lang='lat' dir='ltr'><strong>et</strong></span> <span class='ocrx_word' id='word_1_51' title='bbox 937 509 1056 547; x_wconf 52' lang='lat' dir='ltr'><strong>-s&#39;oswo</strong></span> <span class='ocrx_word' id='word_1_52' title='bbox 1081 512 1249 555; x_wconf 89' lang='lat' dir='ltr'><strong>(princeps</strong></span> <span class='ocrx_word' id='word_1_53' title='bbox 1272 510 1431 554; x_wconf 87' lang='lat' dir='ltr'><strong>Osiridis)</strong></span> <span class='ocrx_word' id='word_1_54' title='bbox 1455 524 1506 544; x_wconf 89' lang='lat' dir='ltr'><strong>no.</strong></span> <span class='ocrx_word' id='word_1_55' title='bbox 1530 515 1581 544; x_wconf 86' lang='lat'><strong>68.</strong></span> 
     </span>
    </p>

    <p class='ocr_par' dir='ltr' id='par_1_3' title="bbox 358 566 1903 839">
     <span class='ocr_line' id='line_1_6' title="bbox 446 566 1902 613; baseline 0 -12"><span class='ocrx_word' id='word_1_56' title='bbox 446 569 627 613; x_wconf 86' lang='lat' dir='ltr'><strong>„Duplex,</strong></span> <span class='ocrx_word' id='word_1_57' title='bbox 663 573 882 612; x_wconf 74' lang='lat' dir='ltr'><strong>quem&#39;supra</strong></span> <span class='ocrx_word' id='word_1_58' title='bbox 911 570 1096 611; x_wconf 85' lang='lat' dir='ltr'><strong>posuimus,</strong></span> <span class='ocrx_word' id='word_1_59' title='bbox 1135 579 1238 600; x_wconf 88' lang='lat' dir='ltr'><strong>canon</strong></span> <span class='ocrx_word' id='word_1_60' title='bbox 1270 569 1309 599; x_wconf 94' lang='lat' dir='ltr'><strong>de</strong></span> <span class='ocrx_word' id='word_1_61' title='bbox 1339 566 1483 611; x_wconf 76' lang='lat' dir='ltr'><strong>legitima</strong></span> <span class='ocrx_word' id='word_1_62' title='bbox 1509 569 1614 611; x_wconf 87' lang='lat' dir='ltr'><strong>figura</strong></span> <span class='ocrx_word' id='word_1_63' title='bbox 1645 568 1743 601; x_wconf 85' lang='lat' dir='ltr'><strong>Schin</strong></span> <span class='ocrx_word' id='word_1_64' title='bbox 1774 568 1902 601; x_wconf 82' lang='lat' dir='ltr'><strong>litterae</strong></span> 
     </span>
     <span class='ocr_line' id='line_1_7' title="bbox 361 623 1903 670; baseline -0.001 -11"><span class='ocrx_word' id='word_1_65' title='bbox 361 628 524 670; x_wconf 76' lang='lat' dir='ltr'><strong>„eiusque</strong></span> <span class='ocrx_word' id='word_1_66' title='bbox 546 637 566 658; x_wconf 88' lang='lat' dir='ltr'><strong>a</strong></span> <span class='ocrx_word' id='word_1_67' title='bbox 586 625 676 658; x_wconf 79' lang='lat' dir='ltr'><strong>Mem</strong></span> <span class='ocrx_word' id='word_1_68' title='bbox 696 625 802 658; x_wconf 82' lang='lat' dir='ltr'><strong>littera</strong></span> <span class='ocrx_word' id='word_1_69' title='bbox 822 625 1025 664; x_wconf 84' lang='lat' dir='ltr'><strong>discrimine,</strong></span> <span class='ocrx_word' id='word_1_70' title='bbox 1058 626 1177 657; x_wconf 86' lang='lat' dir='ltr'><strong>eximie</strong></span> <span class='ocrx_word' id='word_1_71' title='bbox 1199 623 1406 656; x_wconf 86' lang='lat' dir='ltr'><strong>confirmatur</strong></span> <span class='ocrx_word' id='word_1_72' title='bbox 1430 626 1574 667; x_wconf 88' lang='lat' dir='ltr'><strong>cognatis</strong></span> <span class='ocrx_word' id='word_1_73' title='bbox 1596 627 1772 668; x_wconf 84' lang='lat' dir='ltr'><strong>scripturae</strong></span> <span class='ocrx_word' id='word_1_74' title='bbox 1804 636 1903 669; x_wconf 83' lang='lat' dir='ltr'><strong>gene-</strong></span> 
     </span>
     <span class='ocr_line' id='line_1_8' title="bbox 358 680 1903 728; baseline -0.001 -13"><span class='ocrx_word' id='word_1_75' title='bbox 358 683 496 728; x_wconf 85' lang='lat' dir='ltr'><strong>‚,ribus‚</strong></span> <span class='ocrx_word' id='word_1_76' title='bbox 524 685 558 715; x_wconf 90' lang='lat' dir='ltr'><strong>in</strong></span> <span class='ocrx_word' id='word_1_77' title='bbox 582 681 696 725; x_wconf 92' lang='lat' dir='ltr'><strong>quibus</strong></span> <span class='ocrx_word' id='word_1_78' title='bbox 719 691 760 714; x_wconf 90' lang='lat' dir='ltr'><strong>ne</strong></span> <span class='ocrx_word' id='word_1_79' title='bbox 781 693 846 713; x_wconf 85' lang='lat' dir='ltr'><strong>una</strong></span> <span class='ocrx_word' id='word_1_80' title='bbox 869 682 996 725; x_wconf 88' lang='lat' dir='ltr'><strong>quidem</strong></span> <span class='ocrx_word' id='word_1_81' title='bbox 1019 688 1150 714; x_wconf 87' lang='lat' dir='ltr'><strong>nostrae</strong></span> <span class='ocrx_word' id='word_1_82' title='bbox 1170 680 1297 713; x_wconf 77' lang='lat' dir='ltr'><strong>litterae</strong></span> <span class='ocrx_word' id='word_1_83' title='bbox 1319 681 1424 713; x_wconf 82' lang='lat' dir='ltr'><strong>forma</strong></span> <span class='ocrx_word' id='word_1_84' title='bbox 1447 687 1513 720; x_wconf 88' lang='lat' dir='ltr'><strong>est,</strong></span> <span class='ocrx_word' id='word_1_85' title='bbox 1544 693 1625 724; x_wconf 81' lang='lat' dir='ltr'><strong>quae</strong></span> <span class='ocrx_word' id='word_1_86' title='bbox 1643 693 1661 713; x_wconf 84' lang='lat' dir='ltr'><strong>a</strong></span> <span class='ocrx_word' id='word_1_87' title='bbox 1684 683 1798 714; x_wconf 87' lang='lat' dir='ltr'><strong>dextra</strong></span> <span class='ocrx_word' id='word_1_88' title='bbox 1812 691 1903 725; x_wconf 86' lang='lat' dir='ltr'><strong>parte</strong></span> 
     </span>
     <span class='ocr_line' id='line_1_9' title="bbox 360 738 1903 782; baseline -0.001 -10"><span class='ocrx_word' id='word_1_89' title='bbox 360 740 526 779; x_wconf 84' lang='lat' dir='ltr'><strong>„caudata</strong></span> <span class='ocrx_word' id='word_1_90' title='bbox 549 741 608 778; x_wconf 85' lang='lat' dir='ltr'><strong>sit,</strong></span> <span class='ocrx_word' id='word_1_91' title='bbox 637 746 669 775; x_wconf 79' lang='lat' dir='ltr'><strong>et</strong></span> <span class='ocrx_word' id='word_1_92' title='bbox 690 739 724 770; x_wconf 89' lang='lat' dir='ltr'><strong>in</strong></span> <span class='ocrx_word' id='word_1_93' title='bbox 748 749 810 780; x_wconf 86' lang='lat' dir='ltr'><strong>qua</strong></span> <span class='ocrx_word' id='word_1_94' title='bbox 832 739 938 770; x_wconf 88' lang='lat' dir='ltr'><strong>media</strong></span> <span class='ocrx_word' id='word_1_95' title='bbox 960 738 1047 770; x_wconf 85' lang='lat' dir='ltr'><strong>linea</strong></span> <span class='ocrx_word' id='word_1_96' title='bbox 1070 745 1285 770; x_wconf 86' lang='lat' dir='ltr'><strong>transversam</strong></span> <span class='ocrx_word' id='word_1_97' title='bbox 1308 745 1406 770; x_wconf 89' lang='lat' dir='ltr'><strong>secet.</strong></span> <span class='ocrx_word' id='word_1_98' title='bbox 1451 738 1571 770; x_wconf 80' lang='lat' dir='ltr'><strong>Contra</strong></span> <span class='ocrx_word' id='word_1_99' title='bbox 1591 749 1701 770; x_wconf 87' lang='lat' dir='ltr'><strong>omnes</strong></span> <span class='ocrx_word' id='word_1_100' title='bbox 1718 739 1841 782; x_wconf 87' lang='lat' dir='ltr'><strong>figurae</strong></span> <span class='ocrx_word' id='word_1_101' title='bbox 1862 750 1903 771; x_wconf 83' lang='lat' dir='ltr'><strong>ex</strong></span> 
     </span>
     <span class='ocr_line' id='line_1_10' title="bbox 359 794 1262 839; baseline -0.003 -10"><span class='ocrx_word' id='word_1_102' title='bbox 359 807 500 836; x_wconf 86' lang='lat' dir='ltr'><strong>„earum</strong></span> <span class='ocrx_word' id='word_1_103' title='bbox 522 806 640 839; x_wconf 87' lang='lat' dir='ltr'><strong>genere</strong></span> <span class='ocrx_word' id='word_1_104' title='bbox 663 802 751 832; x_wconf 87' lang='lat' dir='ltr'><strong>sunt,</strong></span> <span class='ocrx_word' id='word_1_105' title='bbox 785 806 862 837; x_wconf 88' lang='lat' dir='ltr'><strong>quas</strong></span> <span class='ocrx_word' id='word_1_106' title='bbox 885 794 1030 826; x_wconf 88' lang='lat' dir='ltr'><strong>dedimus</strong></span> <span class='ocrx_word' id='word_1_107' title='bbox 1052 794 1109 838; x_wconf 85' lang='lat' dir='ltr'><strong>fig.</strong></span> <span class='ocrx_word' id='word_1_108' title='bbox 1132 797 1262 827; x_wconf 82' lang='lat'><strong>8—13.</strong></span> 
     </span>
    </p>

    <p class='ocr_par' dir='ltr' id='par_1_4' title="bbox 356 850 1903 1182">
     <span class='ocr_line' id='line_1_11' title="bbox 447 850 1903 895; baseline 0 -11"><span class='ocrx_word' id='word_1_109' title='bbox 447 853 546 895; x_wconf 82' lang='lat' dir='ltr'><strong>„Fig.</strong></span> <span class='ocrx_word' id='word_1_110' title='bbox 569 855 588 884; x_wconf 85' lang='lat'>8</span> <span class='ocrx_word' id='word_1_111' title='bbox 612 858 660 884; x_wconf 90' lang='lat' dir='ltr'><strong>est</strong></span> <span class='ocrx_word' id='word_1_112' title='bbox 683 851 782 883; x_wconf 85' lang='lat' dir='ltr'><strong>Schin</strong></span> <span class='ocrx_word' id='word_1_113' title='bbox 801 850 1093 890; x_wconf 80' lang='lat' dir='ltr'><strong>Samaritanorum,</strong></span> <span class='ocrx_word' id='word_1_114' title='bbox 1122 850 1177 894; x_wconf 88' lang='lat' dir='ltr'><strong>fig.</strong></span> <span class='ocrx_word' id='word_1_115' title='bbox 1193 854 1213 883; x_wconf 87' lang='lat'>9</span> <span class='ocrx_word' id='word_1_116' title='bbox 1235 857 1340 882; x_wconf 83' lang='lat' dir='ltr'><strong>exstat</strong></span> <span class='ocrx_word' id='word_1_117' title='bbox 1361 851 1393 882; x_wconf 92' lang='lat' dir='ltr'><strong>in</strong></span> <span class='ocrx_word' id='word_1_118' title='bbox 1418 850 1556 892; x_wconf 86' lang='lat' dir='ltr'><strong>Palmyr.</strong></span> <span class='ocrx_word' id='word_1_119' title='bbox 1579 850 1755 890; x_wconf 85' lang='lat' dir='ltr'><strong>Romanis,</strong></span> <span class='ocrx_word' id='word_1_120' title='bbox 1779 852 1835 894; x_wconf 86' lang='lat' dir='ltr'><strong>fig.</strong></span> <span class='ocrx_word' id='word_1_121' title='bbox 1853 856 1903 892; x_wconf 89' lang='grc'><strong>10,</strong></span> 
     </span>
     <span class='ocr_line' id='line_1_12' title="bbox 358 906 1901 950; baseline 0 -9"><span class='ocrx_word' id='word_1_122' title='bbox 358 931 381 948; x_wconf 88' lang='grc'><strong>,,</strong></span> <span class='ocrx_word' id='word_1_123' title='bbox 395 913 435 941; x_wconf 86' lang='grc'><strong>12</strong></span> <span class='ocrx_word' id='word_1_124' title='bbox 452 911 491 947; x_wconf 80' lang='lat' dir='ltr'><strong>jn</strong></span> <span class='ocrx_word' id='word_1_125' title='bbox 513 915 643 941; x_wconf 87' lang='lat' dir='ltr'><strong>moneta</strong></span> <span class='ocrx_word' id='word_1_126' title='bbox 655 908 899 946; x_wconf 87' lang='lat' dir='ltr'><strong>Hebraeorum,</strong></span> <span class='ocrx_word' id='word_1_127' title='bbox 922 907 978 950; x_wconf 89' lang='lat' dir='ltr'><strong>fig.</strong></span> <span class='ocrx_word' id='word_1_128' title='bbox 995 910 1034 940; x_wconf 84' lang='lat'><strong>13</strong></span> <span class='ocrx_word' id='word_1_129' title='bbox 1057 909 1090 939; x_wconf 92' lang='lat' dir='ltr'><strong>in</strong></span> <span class='ocrx_word' id='word_1_130' title='bbox 1105 907 1273 939; x_wconf 85' lang='lat' dir='ltr'><strong>Aramaeis</strong></span> <span class='ocrx_word' id='word_1_131' title='bbox 1291 908 1486 950; x_wconf 86' lang='lat' dir='ltr'><strong>aegyptiacis</strong></span> <span class='ocrx_word' id='word_1_132' title='bbox 1503 914 1535 939; x_wconf 89' lang='lat' dir='ltr'><strong>et</strong></span> <span class='ocrx_word' id='word_1_133' title='bbox 1550 906 1760 948; x_wconf 85' lang='lat' dir='ltr'><strong>Palmyrenis.</strong></span> <span class='ocrx_word' id='word_1_134' title='bbox 1783 928 1825 933; x_wconf 87' lang='lat'><em>-</em></span> <span class='ocrx_word' id='word_1_135' title='bbox 1850 909 1901 941; x_wconf 88' lang='lat' dir='ltr'><strong>Ex</strong></span> 
     </span>
     <span class='ocr_line' id='line_1_13' title="bbox 358 965 1900 1012; baseline -0.001 -11"><span class='ocrx_word' id='word_1_136' title='bbox 358 967 442 1012; x_wconf 78' lang='lat' dir='ltr'>„fig-</span> <span class='ocrx_word' id='word_1_137' title='bbox 463 973 502 1001; x_wconf 88' lang='lat'><strong>12</strong></span> <span class='ocrx_word' id='word_1_138' title='bbox 526 976 630 1001; x_wconf 90' lang='lat' dir='ltr'><strong>ortum</strong></span> <span class='ocrx_word' id='word_1_139' title='bbox 647 968 743 999; x_wconf 83' lang='lat' dir='ltr'><strong>etiam</strong></span> <span class='ocrx_word' id='word_1_140' title='bbox 758 966 954 1008; x_wconf 87' lang='lat' dir='ltr'><strong>Aethiopum</strong></span> <span class='ocrx_word' id='word_1_141' title='bbox 976 965 1036 1003; x_wconf 76' lang='grc' dir='ltr'><strong>Π]</strong></span> <span class='ocrx_word' id='word_1_142' title='bbox 1060 966 1162 1006; x_wconf 70' lang='lat' dir='ltr'><strong>Saul,</strong></span> <span class='ocrx_word' id='word_1_143' title='bbox 1190 967 1272 1008; x_wconf 90' lang='lat' dir='ltr'><strong>quod</strong></span> <span class='ocrx_word' id='word_1_144' title='bbox 1295 966 1523 1008; x_wconf 86' lang='lat' dir='ltr'><strong>(sibilantibus</strong></span> <span class='ocrx_word' id='word_1_145' title='bbox 1543 968 1627 998; x_wconf 90' lang='lat' dir='ltr'><strong>inter</strong></span> <span class='ocrx_word' id='word_1_146' title='bbox 1643 978 1679 998; x_wconf 90' lang='lat' dir='ltr'><strong>se</strong></span> <span class='ocrx_word' id='word_1_147' title='bbox 1694 969 1900 1010; x_wconf 81' lang='lat' dir='ltr'><strong>permutatis)</strong></span> 
     </span>
     <span class='ocr_line' id='line_1_14' title="bbox 356 1022 1900 1067; baseline -0.001 -9"><span class='ocrx_word' id='word_1_148' title='bbox 356 1036 459 1064; x_wconf 88' lang='lat' dir='ltr'><strong>„cum</strong></span> <span class='ocrx_word' id='word_1_149' title='bbox 483 1033 592 1058; x_wconf 89' lang='lat' dir='ltr'><strong>nostro</strong></span> <span class='ocrx_word' id='word_1_150' title='bbox 616 1034 642 1058; x_wconf 68' lang='lat' dir='ltr'><strong>w</strong></span> <span class='ocrx_word' id='word_1_151' title='bbox 668 1023 915 1066; x_wconf 88' lang='lat' dir='ltr'><strong>comparandum</strong></span> <span class='ocrx_word' id='word_1_152' title='bbox 938 1033 1010 1054; x_wconf 88' lang='lat' dir='ltr'><strong>esse</strong></span> <span class='ocrx_word' id='word_1_153' title='bbox 1032 1030 1117 1054; x_wconf 88' lang='lat' dir='ltr'><strong>recte</strong></span> <span class='ocrx_word' id='word_1_154' title='bbox 1142 1022 1291 1054; x_wconf 88' lang='lat' dir='ltr'><strong>observat</strong></span> <span class='ocrx_word' id='word_1_155' title='bbox 1313 1022 1459 1064; x_wconf 86' lang='lat' dir='ltr'><strong>Koppius</strong></span> <span class='ocrx_word' id='word_1_156' title='bbox 1486 1022 1549 1066; x_wconf 84' lang='grc' dir='ltr'><strong>(ΙΙ,</strong></span> <span class='ocrx_word' id='word_1_157' title='bbox 1573 1026 1644 1055; x_wconf 89' lang='grc'>350.</span> <span class='ocrx_word' id='word_1_158' title='bbox 1669 1025 1761 1066; x_wconf 85' lang='grc'><strong>356).</strong></span> <span class='ocrx_word' id='word_1_159' title='bbox 1805 1024 1900 1067; x_wconf 86' lang='lat' dir='ltr'><strong>Apud</strong></span> 
     </span>
     <span class='ocr_line' id='line_1_15' title="bbox 358 1077 1902 1127; baseline -0.001 -10"><span class='ocrx_word' id='word_1_160' title='bbox 358 1085 529 1125; x_wconf 84' lang='lat' dir='ltr'><strong>„Graecos</strong></span> <span class='ocrx_word' id='word_1_161' title='bbox 559 1091 650 1115; x_wconf 88' lang='lat' dir='ltr'><strong>vetus</strong></span> <span class='ocrx_word' id='word_1_162' title='bbox 678 1086 735 1115; x_wconf 83' lang='grc' dir='ltr'><strong>τοῦ</strong></span> <span class='ocrx_word' id='word_1_163' title='bbox 773 1082 885 1125; x_wconf 86' lang='lat' dir='ltr'><strong>Sigma</strong></span> <span class='ocrx_word' id='word_1_164' title='bbox 920 1081 1025 1124; x_wconf 86' lang='lat' dir='ltr'><strong>figura</strong></span> <span class='ocrx_word' id='word_1_165' title='bbox 1055 1089 1104 1114; x_wconf 83' lang='lat' dir='ltr'><strong>est</strong></span> <span class='ocrx_word' id='word_1_166' title='bbox 1139 1077 1225 1121; x_wconf 77' lang='grc' dir='ltr'><strong>Μ,</strong></span> <span class='ocrx_word' id='word_1_167' title='bbox 1263 1093 1344 1125; x_wconf 84' lang='lat' dir='ltr'><strong>quae</strong></span> <span class='ocrx_word' id='word_1_168' title='bbox 1375 1093 1439 1115; x_wconf 88' lang='lat' dir='ltr'><strong>non</strong></span> <span class='ocrx_word' id='word_1_169' title='bbox 1470 1089 1576 1125; x_wconf 83' lang='lat' dir='ltr'><strong>potest</strong></span> <span class='ocrx_word' id='word_1_170' title='bbox 1605 1094 1668 1114; x_wconf 88' lang='lat' dir='ltr'><strong>non</strong></span> <span class='ocrx_word' id='word_1_171' title='bbox 1700 1094 1741 1115; x_wconf 87' lang='lat' dir='ltr'><strong>ex</strong></span> <span class='ocrx_word' id='word_1_172' title='bbox 1772 1083 1828 1127; x_wconf 86' lang='lat' dir='ltr'><strong>fig.</strong></span> <span class='ocrx_word' id='word_1_173' title='bbox 1862 1087 1902 1115; x_wconf 83' lang='lat'><strong>10</strong></span> 
     </span>
     <span class='ocr_line' id='line_1_16' title="bbox 360 1143 714 1182; baseline -0.006 -9"><span class='ocrx_word' id='word_1_174' title='bbox 360 1143 519 1182; x_wconf 87' lang='lat' dir='ltr'><strong>„inversa</strong></span> <span class='ocrx_word' id='word_1_175' title='bbox 540 1148 610 1173; x_wconf 85' lang='lat' dir='ltr'><strong>orta</strong></span> <span class='ocrx_word' id='word_1_176' title='bbox 632 1151 714 1172; x_wconf 84' lang='lat' dir='ltr'><strong>esse.</strong></span> 
     </span>
    </p>
   </div>
   <div class='ocr_carea' id='block_1_3' title="bbox 1025 1209 1134 1246">
    <p class='ocr_par' dir='ltr' id='par_1_5' title="bbox 1025 1209 1134 1246">
     <span class='ocr_line' id='line_1_17' title="bbox 1025 1209 1134 1246; baseline 0.009 -8"><span class='ocrx_word' id='word_1_177' title='bbox 1025 1209 1053 1246; x_wconf 80' lang='lat'><strong>§-</strong></span> <span class='ocrx_word' id='word_1_178' title='bbox 1083 1210 1134 1239; x_wconf 86' lang='lat'><strong>33.</strong></span> 
     </span>
    </p>
   </div>
   <div class='ocr_carea' id='block_1_4' title="bbox 870 1275 1303 1316">
    <p class='ocr_par' dir='ltr' id='par_1_6' title="bbox 870 1275 1303 1316">
     <span class='ocr_line' id='line_1_18' title="bbox 870 1275 1303 1316; baseline 0 -9"><span class='ocrx_word' id='word_1_179' title='bbox 870 1275 983 1307; x_wconf 78' lang='lat' dir='ltr'><strong>Tau</strong></span> <span class='ocrx_word' id='word_1_180' title='bbox 1034 1276 1303 1316; x_wconf 76' lang='lat' dir='ltr'><strong>littera,</strong></span> 
     </span>
    </p>
   </div>
   <div class='ocr_carea' id='block_1_5' title="bbox 272 1350 1903 1689">
    <p class='ocr_par' dir='ltr' id='par_1_7' title="bbox 275 1350 1903 1460">
     <span class='ocr_line' id='line_1_19' title="bbox 275 1350 1903 1402; baseline -0.002 -13"><span class='ocrx_word' id='word_1_181' title='bbox 275 1358 365 1389; x_wconf 88' lang='lat' dir='ltr'><strong>cuins</strong></span> <span class='ocrx_word' id='word_1_182' title='bbox 389 1366 505 1388; x_wconf 89' lang='lat' dir='ltr'><strong>nomen</strong></span> <span class='ocrx_word' id='word_1_183' title='bbox 528 1354 605 1402; x_wconf 71' lang='grc' dir='ltr'>(ππ)</span> <span class='ocrx_word' id='word_1_184' title='bbox 628 1356 755 1396; x_wconf 76' lang='lat' dir='ltr'><strong>signum</strong></span> <span class='ocrx_word' id='word_1_185' title='bbox 778 1352 974 1390; x_wconf 54' lang='lat' dir='ltr'><strong>cruciforme</strong></span> <span class='ocrx_word' id='word_1_186' title='bbox 997 1350 1180 1394; x_wconf 86' lang='lat' dir='ltr'><strong>significare</strong></span> <span class='ocrx_word' id='word_1_187' title='bbox 1201 1358 1344 1391; x_wconf 88' lang='lat' dir='ltr'><strong>constat,</strong></span> <span class='ocrx_word' id='word_1_188' title='bbox 1371 1353 1555 1394; x_wconf 83' lang='lat' dir='ltr'><strong>primariam</strong></span> <span class='ocrx_word' id='word_1_189' title='bbox 1578 1358 1609 1383; x_wconf 90' lang='lat' dir='ltr'><strong>et</strong></span> <span class='ocrx_word' id='word_1_190' title='bbox 1638 1354 1780 1385; x_wconf 83' lang='lat' dir='ltr'><strong>nativam</strong></span> <span class='ocrx_word' id='word_1_191' title='bbox 1803 1352 1903 1385; x_wconf 87' lang='lat' dir='ltr'><strong>habet</strong></span> 
     </span>
     <span class='ocr_line' id='line_1_20' title="bbox 895 1430 1089 1460; baseline -0.005 -15"><span class='ocrx_word' id='word_1_192' title='bbox 895 1457 897 1460; x_wconf 49' lang='grc' dir='ltr'>Ι</span> <span class='ocrx_word' id='word_1_193' title='bbox 1077 1430 1089 1444; x_wconf 69' lang='lat'><em>1</em></span> 
     </span>
    </p>

    <p class='ocr_par' dir='ltr' id='par_1_8' title="bbox 272 1452 1900 1689">
     <span class='ocr_line' id='line_1_21' title="bbox 272 1452 1900 1635; baseline -0.004 -11"><span class='ocrx_word' id='word_1_194' title='bbox 272 1593 366 1635; x_wconf 82' lang='lat' dir='ltr'><strong>(vide</strong></span> <span class='ocrx_word' id='word_1_195' title='bbox 389 1590 451 1624; x_wconf 87' lang='lat' dir='ltr'><strong>Cit.</strong></span> <span class='ocrx_word' id='word_1_196' title='bbox 474 1596 506 1630; x_wconf 92' lang='lat'><strong>4,</strong></span> <span class='ocrx_word' id='word_1_197' title='bbox 532 1594 560 1622; x_wconf 89' lang='lat'><strong>1.</strong></span> <span class='ocrx_word' id='word_1_198' title='bbox 593 1593 645 1629; x_wconf 88' lang='grc'><strong>29,</strong></span> <span class='ocrx_word' id='word_1_199' title='bbox 669 1594 699 1622; x_wconf 87' lang='grc'><strong>2.</strong></span> <span class='ocrx_word' id='word_1_200' title='bbox 723 1589 815 1630; x_wconf 82' lang='lat' dir='ltr'><strong>Eryo.</strong></span> <span class='ocrx_word' id='word_1_201' title='bbox 841 1452 1045 1629; x_wconf 40' lang='lat' dir='ltr'><strong>Carth-Z..</strong></span> <span class='ocrx_word' id='word_1_202' title='bbox 1060 1594 1092 1622; x_wconf 90' lang='lat'><strong>4.</strong></span> <span class='ocrx_word' id='word_1_203' title='bbox 1116 1453 1303 1629; x_wconf 50' lang='lat' dir='ltr'><strong>3‚⁴1jq[ter].</strong></span> <span class='ocrx_word' id='word_1_204' title='bbox 1321 1591 1350 1620; x_wconf 91' lang='lat'><strong>4.</strong></span> <span class='ocrx_word' id='word_1_205' title='bbox 1375 1586 1484 1619; x_wconf 85' lang='lat' dir='ltr'><strong>Carth.</strong></span> <span class='ocrx_word' id='word_1_206' title='bbox 1504 1589 1567 1626; x_wconf 89' lang='lat'><strong>10.,</strong></span> <span class='ocrx_word' id='word_1_207' title='bbox 1590 1598 1677 1619; x_wconf 91' lang='lat' dir='ltr'><strong>num.</strong></span> <span class='ocrx_word' id='word_1_208' title='bbox 1700 1588 1847 1621; x_wconf 84' lang='lat' dir='ltr'><strong>Panorm.</strong></span> <span class='ocrx_word' id='word_1_209' title='bbox 1863 1588 1900 1619; x_wconf 86' lang='lat' dir='ltr'><strong>E.</strong></span> 
     </span>
     <span class='ocr_line' id='line_1_22' title="bbox 272 1645 1593 1689; baseline -0.005 -7"><span class='ocrx_word' id='word_1_210' title='bbox 272 1650 369 1682; x_wconf 87' lang='lat' dir='ltr'><strong>lubae</strong></span> <span class='ocrx_word' id='word_1_211' title='bbox 392 1650 470 1681; x_wconf 90' lang='lat' dir='ltr'><strong>min.</strong></span> <span class='ocrx_word' id='word_1_212' title='bbox 494 1648 565 1689; x_wconf 88' lang='lat' dir='ltr'><strong>A),</strong></span> <span class='ocrx_word' id='word_1_213' title='bbox 606 1647 689 1679; x_wconf 90' lang='lat' dir='ltr'><strong>unde</strong></span> <span class='ocrx_word' id='word_1_214' title='bbox 713 1648 869 1689; x_wconf 86' lang='lat' dir='ltr'><strong>originem</strong></span> <span class='ocrx_word' id='word_1_215' title='bbox 890 1648 1052 1679; x_wconf 87' lang='lat' dir='ltr'><strong>duxerunt</strong></span> <span class='ocrx_word' id='word_1_216' title='bbox 1074 1646 1198 1689; x_wconf 83' lang='lat' dir='ltr'><strong>reliqua</strong></span> <span class='ocrx_word' id='word_1_217' title='bbox 1220 1655 1340 1689; x_wconf 84' lang='lat' dir='ltr'><strong>genera</strong></span> <span class='ocrx_word' id='word_1_218' title='bbox 1365 1645 1593 1676; x_wconf 81' lang='lat' dir='ltr'><strong>contractiora:</strong></span> 
     </span>
    </p>
   </div>
   <div class='ocr_carea' id='block_1_6' title="bbox 413 1700 1752 2001">
    <p class='ocr_par' dir='ltr' id='par_1_9' title="bbox 413 1700 1752 2001">
     <span class='ocr_line' id='line_1_23' title="bbox 413 1700 1752 2001; baseline -0.019 -150"><span class='ocrx_word' id='word_1_219' title='bbox 413 1700 1752 2001; x_wconf 37' lang='lat' dir='ltr'><strong>†††⁷Zbfififij⁷z</strong></span> 
     </span>
    </p>
   </div>
   <div class='ocr_carea' id='block_1_7' title="bbox 273 2008 1901 2455">
    <p class='ocr_par' dir='ltr' id='par_1_10' title="bbox 273 2008 1901 2399">
     <span class='ocr_line' id='line_1_24' title="bbox 274 2008 1901 2061; baseline -0.006 -11"><span class='ocrx_word' id='word_1_220' title='bbox 274 2019 326 2061; x_wconf 83' lang='lat' dir='ltr'><strong>(v.</strong></span> <span class='ocrx_word' id='word_1_221' title='bbox 348 2028 411 2050; x_wconf 66' lang='lat' dir='ltr'><strong>rec.</strong></span> <span class='ocrx_word' id='word_1_222' title='bbox 434 2014 496 2047; x_wconf 90' lang='lat' dir='ltr'><strong>Cit.</strong></span> <span class='ocrx_word' id='word_1_223' title='bbox 518 2017 547 2046; x_wconf 86' lang='lat'><strong>2.</strong></span> <span class='ocrx_word' id='word_1_224' title='bbox 580 2011 690 2044; x_wconf 86' lang='lat' dir='ltr'><strong>Carth.</strong></span> <span class='ocrx_word' id='word_1_225' title='bbox 715 2016 744 2052; x_wconf 88' lang='lat'><strong>5,</strong></span> <span class='ocrx_word' id='word_1_226' title='bbox 771 2017 798 2044; x_wconf 91' lang='lat'><strong>1.</strong></span> <span class='ocrx_word' id='word_1_227' title='bbox 817 2018 847 2045; x_wconf 86' lang='lat'><strong>4.</strong></span> <span class='ocrx_word' id='word_1_228' title='bbox 871 2015 900 2045; x_wconf 85' lang='lat'><strong>5.</strong></span> <span class='ocrx_word' id='word_1_229' title='bbox 930 2013 1042 2047; x_wconf 84' lang='lat' dir='ltr'><strong>Carth.</strong></span> <span class='ocrx_word' id='word_1_230' title='bbox 1065 2018 1097 2047; x_wconf 85' lang='lat'><strong>8.</strong></span> <span class='ocrx_word' id='word_1_231' title='bbox 1121 2017 1162 2054; x_wconf 86' lang='lat'><strong>9.,</strong></span> <span class='ocrx_word' id='word_1_232' title='bbox 1192 2025 1278 2046; x_wconf 91' lang='lat' dir='ltr'><strong>num.</strong></span> <span class='ocrx_word' id='word_1_233' title='bbox 1293 2014 1441 2046; x_wconf 82' lang='lat' dir='ltr'><strong>Panorm.</strong></span> <span class='ocrx_word' id='word_1_234' title='bbox 1457 2012 1493 2045; x_wconf 89' lang='lat' dir='ltr'><strong>F.</strong></span> <span class='ocrx_word' id='word_1_235' title='bbox 1517 2012 1556 2044; x_wconf 81' lang='lat' dir='ltr'><strong>G.</strong></span> <span class='ocrx_word' id='word_1_236' title='bbox 1575 2011 1619 2043; x_wconf 93' lang='lat' dir='ltr'><strong>H.</strong></span> <span class='ocrx_word' id='word_1_237' title='bbox 1640 2012 1679 2044; x_wconf 88' lang='lat' dir='ltr'><strong>L.</strong></span> <span class='ocrx_word' id='word_1_238' title='bbox 1709 2009 1838 2043; x_wconf 83' lang='lat' dir='ltr'><strong>Heracl.</strong></span> <span class='ocrx_word' id='word_1_239' title='bbox 1862 2008 1901 2041; x_wconf 93' lang='lat' dir='ltr'><strong>B.</strong></span> 
     </span>
     <span class='ocr_line' id='line_1_25' title="bbox 274 2067 1900 2117; baseline -0.006 -10"><span class='ocrx_word' id='word_1_240' title='bbox 274 2073 372 2117; x_wconf 89' lang='lat' dir='ltr'><strong>Ting.</strong></span> <span class='ocrx_word' id='word_1_241' title='bbox 395 2073 436 2105; x_wconf 90' lang='lat' dir='ltr'><strong>D.</strong></span> <span class='ocrx_word' id='word_1_242' title='bbox 461 2070 502 2103; x_wconf 80' lang='lat' dir='ltr'><strong>N.</strong></span> <span class='ocrx_word' id='word_1_243' title='bbox 521 2069 590 2103; x_wconf 79' lang='lat' dir='ltr'><strong>a.b.</strong></span> <span class='ocrx_word' id='word_1_244' title='bbox 622 2074 699 2102; x_wconf 77' lang='lat' dir='ltr'><strong>tert.</strong></span> <span class='ocrx_word' id='word_1_245' title='bbox 724 2069 833 2111; x_wconf 80' lang='lat' dir='ltr'><strong>Syrac.</strong></span> <span class='ocrx_word' id='word_1_246' title='bbox 857 2070 895 2102; x_wconf 88' lang='lat' dir='ltr'><strong>A.</strong></span> <span class='ocrx_word' id='word_1_247' title='bbox 920 2070 958 2104; x_wconf 89' lang='lat' dir='ltr'><strong>B.</strong></span> <span class='ocrx_word' id='word_1_248' title='bbox 990 2072 1068 2103; x_wconf 84' lang='lat' dir='ltr'><strong>Pan.</strong></span> <span class='ocrx_word' id='word_1_249' title='bbox 1090 2070 1128 2103; x_wconf 93' lang='grc' dir='ltr'><strong>Β.</strong></span> <span class='ocrx_word' id='word_1_250' title='bbox 1154 2071 1216 2111; x_wconf 90' lang='lat' dir='ltr'><strong>(cf.</strong></span> <span class='ocrx_word' id='word_1_251' title='bbox 1241 2070 1306 2103; x_wconf 87' lang='lat' dir='ltr'><strong>Cit.</strong></span> <span class='ocrx_word' id='word_1_252' title='bbox 1329 2075 1348 2102; x_wconf 85' lang='lat'><strong>2</strong></span> <span class='ocrx_word' id='word_1_253' title='bbox 1371 2070 1427 2102; x_wconf 91' lang='lat' dir='ltr'><strong>lin.</strong></span> <span class='ocrx_word' id='word_1_254' title='bbox 1452 2070 1501 2111; x_wconf 86' lang='lat'><strong>3).</strong></span> <span class='ocrx_word' id='word_1_255' title='bbox 1533 2074 1640 2112; x_wconf 82' lang='lat' dir='ltr'><strong>quart.</strong></span> <span class='ocrx_word' id='word_1_256' title='bbox 1663 2067 1769 2112; x_wconf 87' lang='lat' dir='ltr'><strong>Tugg.</strong></span> <span class='ocrx_word' id='word_1_257' title='bbox 1798 2070 1900 2110; x_wconf 76' lang='lat' dir='ltr'><strong>quint.</strong></span> 
     </span>
     <span class='ocr_line' id='line_1_26' title="bbox 274 2124 1901 2169; baseline -0.006 -5"><span class='ocrx_word' id='word_1_258' title='bbox 274 2131 336 2164; x_wconf 89' lang='lat' dir='ltr'><strong>Cit.</strong></span> <span class='ocrx_word' id='word_1_259' title='bbox 357 2133 408 2169; x_wconf 88' lang='grc'><strong>29,</strong></span> <span class='ocrx_word' id='word_1_260' title='bbox 433 2133 461 2161; x_wconf 88' lang='grc'><strong>2.</strong></span> <span class='ocrx_word' id='word_1_261' title='bbox 492 2132 580 2160; x_wconf 67' lang='lat' dir='ltr'><strong>sext.</strong></span> <span class='ocrx_word' id='word_1_262' title='bbox 603 2125 706 2158; x_wconf 89' lang='lat' dir='ltr'><strong>Melit.</strong></span> <span class='ocrx_word' id='word_1_263' title='bbox 729 2130 760 2165; x_wconf 89' lang='lat'><strong>2,</strong></span> <span class='ocrx_word' id='word_1_264' title='bbox 786 2130 813 2158; x_wconf 88' lang='lat'><strong>1.</strong></span> <span class='ocrx_word' id='word_1_265' title='bbox 829 2131 858 2158; x_wconf 91' lang='grc'><strong>2.</strong></span> <span class='ocrx_word' id='word_1_266' title='bbox 874 2131 903 2160; x_wconf 87' lang='grc'><strong>3.</strong></span> <span class='ocrx_word' id='word_1_267' title='bbox 934 2127 1050 2160; x_wconf 86' lang='lat' dir='ltr'><strong>Athen.</strong></span> <span class='ocrx_word' id='word_1_268' title='bbox 1075 2132 1090 2159; x_wconf 91' lang='lat'>1</span> <span class='ocrx_word' id='word_1_269' title='bbox 1115 2135 1174 2167; x_wconf 89' lang='lat' dir='ltr'><strong>ter,</strong></span> <span class='ocrx_word' id='word_1_270' title='bbox 1207 2132 1237 2167; x_wconf 92' lang='lat'><strong>2,</strong></span> <span class='ocrx_word' id='word_1_271' title='bbox 1263 2131 1290 2159; x_wconf 91' lang='lat'><strong>1.</strong></span> <span class='ocrx_word' id='word_1_272' title='bbox 1314 2126 1383 2159; x_wconf 77' lang='lat' dir='ltr'><strong>cit.</strong></span> <span class='ocrx_word' id='word_1_273' title='bbox 1408 2131 1438 2165; x_wconf 89' lang='grc'><strong>2,</strong></span> <span class='ocrx_word' id='word_1_274' title='bbox 1457 2130 1484 2159; x_wconf 91' lang='grc'><strong>2.</strong></span> <span class='ocrx_word' id='word_1_275' title='bbox 1505 2129 1534 2158; x_wconf 91' lang='grc'><strong>3.</strong></span> <span class='ocrx_word' id='word_1_276' title='bbox 1560 2124 1685 2168; x_wconf 88' lang='lat' dir='ltr'><strong>Tripol.</strong></span> <span class='ocrx_word' id='word_1_277' title='bbox 1699 2129 1729 2164; x_wconf 87' lang='lat'><strong>2,</strong></span> <span class='ocrx_word' id='word_1_278' title='bbox 1746 2128 1790 2164; x_wconf 87' lang='lat'><strong>3.,</strong></span> <span class='ocrx_word' id='word_1_279' title='bbox 1814 2134 1901 2155; x_wconf 89' lang='lat' dir='ltr'><strong>num.</strong></span> 
     </span>
     <span class='ocr_line' id='line_1_27' title="bbox 273 2179 1900 2226; baseline -0.006 -6"><span class='ocrx_word' id='word_1_280' title='bbox 273 2188 341 2220; x_wconf 86' lang='lat' dir='ltr'><strong>Sid.</strong></span> <span class='ocrx_word' id='word_1_281' title='bbox 364 2186 406 2219; x_wconf 88' lang='lat' dir='ltr'><strong>U.</strong></span> <span class='ocrx_word' id='word_1_282' title='bbox 429 2184 485 2218; x_wconf 91' lang='lat' dir='ltr'><strong>W.</strong></span> <span class='ocrx_word' id='word_1_283' title='bbox 508 2184 550 2216; x_wconf 80' lang='lat' dir='ltr'><strong>X.</strong></span> <span class='ocrx_word' id='word_1_284' title='bbox 582 2182 712 2216; x_wconf 84' lang='lat' dir='ltr'><strong>Heracl.</strong></span> <span class='ocrx_word' id='word_1_285' title='bbox 736 2183 776 2215; x_wconf 90' lang='lat' dir='ltr'><strong>A.</strong></span> <span class='ocrx_word' id='word_1_286' title='bbox 805 2184 955 2216; x_wconf 80' lang='lat' dir='ltr'><strong>Panorin.</strong></span> <span class='ocrx_word' id='word_1_287' title='bbox 981 2184 1017 2216; x_wconf 93' lang='lat' dir='ltr'><strong>C.</strong></span> <span class='ocrx_word' id='word_1_288' title='bbox 1040 2184 1082 2216; x_wconf 94' lang='lat' dir='ltr'><strong>D.</strong></span> <span class='ocrx_word' id='word_1_289' title='bbox 1118 2184 1211 2217; x_wconf 91' lang='lat' dir='ltr'><strong>Cilic.</strong></span> <span class='ocrx_word' id='word_1_290' title='bbox 1235 2184 1360 2216; x_wconf 80' lang='lat' dir='ltr'><strong>A-E,</strong></span> <span class='ocrx_word' id='word_1_291' title='bbox 1394 2188 1475 2226; x_wconf 75' lang='lat' dir='ltr'><strong>sept.</strong></span> <span class='ocrx_word' id='word_1_292' title='bbox 1500 2194 1586 2215; x_wconf 89' lang='lat' dir='ltr'><strong>num.</strong></span> <span class='ocrx_word' id='word_1_293' title='bbox 1611 2181 1709 2224; x_wconf 89' lang='lat' dir='ltr'><strong>Ting.</strong></span> <span class='ocrx_word' id='word_1_294' title='bbox 1734 2181 1774 2213; x_wconf 91' lang='lat' dir='ltr'><strong>A.</strong></span> <span class='ocrx_word' id='word_1_295' title='bbox 1797 2180 1833 2212; x_wconf 91' lang='grc' dir='ltr'><strong>Β.</strong></span> <span class='ocrx_word' id='word_1_296' title='bbox 1856 2179 1900 2211; x_wconf 90' lang='grc' dir='ltr'><strong>Η.</strong></span> 
     </span>
     <span class='ocr_line' id='line_1_28' title="bbox 273 2236 1899 2280; baseline -0.006 -3"><span class='ocrx_word' id='word_1_297' title='bbox 273 2245 296 2278; x_wconf 86' lang='lat'><strong>1.</strong></span> <span class='ocrx_word' id='word_1_298' title='bbox 318 2244 361 2276; x_wconf 90' lang='lat' dir='ltr'><strong>K.</strong></span> <span class='ocrx_word' id='word_1_299' title='bbox 403 2247 464 2274; x_wconf 84' lang='lat' dir='ltr'><strong>oct.</strong></span> <span class='ocrx_word' id='word_1_300' title='bbox 485 2252 559 2273; x_wconf 81' lang='lat' dir='ltr'><strong>uon.</strong></span> <span class='ocrx_word' id='word_1_301' title='bbox 591 2240 695 2272; x_wconf 87' lang='lat' dir='ltr'><strong>Melit.</strong></span> <span class='ocrx_word' id='word_1_302' title='bbox 718 2243 747 2271; x_wconf 89' lang='lat'><strong>1.</strong></span> <span class='ocrx_word' id='word_1_303' title='bbox 775 2240 893 2272; x_wconf 90' lang='lat' dir='ltr'><strong>Athen.</strong></span> <span class='ocrx_word' id='word_1_304' title='bbox 917 2244 946 2273; x_wconf 89' lang='lat'><strong>3.</strong></span> <span class='ocrx_word' id='word_1_305' title='bbox 981 2241 1042 2273; x_wconf 88' lang='lat' dir='ltr'><strong>Cit.</strong></span> <span class='ocrx_word' id='word_1_306' title='bbox 1066 2245 1117 2280; x_wconf 81' lang='lat'><strong>31,</strong></span> <span class='ocrx_word' id='word_1_307' title='bbox 1140 2245 1170 2273; x_wconf 87' lang='grc'><strong>2.</strong></span> <span class='ocrx_word' id='word_1_308' title='bbox 1195 2244 1223 2273; x_wconf 85' lang='grc'><strong>3.</strong></span> <span class='ocrx_word' id='word_1_309' title='bbox 1254 2244 1314 2280; x_wconf 90' lang='grc'><strong>32,</strong></span> <span class='ocrx_word' id='word_1_310' title='bbox 1339 2245 1390 2280; x_wconf 90' lang='grc'><strong>2.,</strong></span> <span class='ocrx_word' id='word_1_311' title='bbox 1415 2251 1500 2272; x_wconf 92' lang='lat' dir='ltr'><strong>num.</strong></span> <span class='ocrx_word' id='word_1_312' title='bbox 1525 2240 1592 2271; x_wconf 86' lang='lat' dir='ltr'><strong>Sid.</strong></span> <span class='ocrx_word' id='word_1_313' title='bbox 1617 2238 1655 2270; x_wconf 90' lang='lat' dir='ltr'><strong>T.</strong></span> <span class='ocrx_word' id='word_1_314' title='bbox 1682 2238 1725 2270; x_wconf 88' lang='lat' dir='ltr'><strong>V.</strong></span> <span class='ocrx_word' id='word_1_315' title='bbox 1760 2236 1899 2269; x_wconf 83' lang='lat' dir='ltr'><strong>Marath.</strong></span> 
     </span>
     <span class='ocr_line' id='line_1_29' title="bbox 273 2294 1896 2339; baseline -0.007 -5"><span class='ocrx_word' id='word_1_316' title='bbox 273 2311 403 2339; x_wconf 84' lang='lat' dir='ltr'><strong>omnes,</strong></span> <span class='ocrx_word' id='word_1_317' title='bbox 440 2298 545 2331; x_wconf 85' lang='lat' dir='ltr'><strong>Gadit.</strong></span> <span class='ocrx_word' id='word_1_318' title='bbox 582 2297 620 2329; x_wconf 92' lang='lat' dir='ltr'><strong>B.</strong></span> <span class='ocrx_word' id='word_1_319' title='bbox 653 2296 696 2327; x_wconf 90' lang='lat' dir='ltr'><strong>H.</strong></span> <span class='ocrx_word' id='word_1_320' title='bbox 740 2296 837 2329; x_wconf 87' lang='lat' dir='ltr'><strong>Iubae</strong></span> <span class='ocrx_word' id='word_1_321' title='bbox 865 2299 934 2330; x_wconf 90' lang='lat' dir='ltr'><strong>iun.</strong></span> <span class='ocrx_word' id='word_1_322' title='bbox 964 2297 1001 2330; x_wconf 85' lang='lat' dir='ltr'><strong>C.</strong></span> <span class='ocrx_word' id='word_1_323' title='bbox 1045 2299 1122 2335; x_wconf 59' lang='lat' dir='ltr'><strong>gdec.</strong></span> <span class='ocrx_word' id='word_1_324' title='bbox 1159 2298 1273 2330; x_wconf 82' lang='lat' dir='ltr'><strong>undec.</strong></span> <span class='ocrx_word' id='word_1_325' title='bbox 1312 2297 1431 2329; x_wconf 87' lang='lat' dir='ltr'><strong>Athen.</strong></span> <span class='ocrx_word' id='word_1_326' title='bbox 1460 2301 1500 2336; x_wconf 83' lang='lat'><strong>2,</strong></span> <span class='ocrx_word' id='word_1_327' title='bbox 1535 2300 1554 2329; x_wconf 87' lang='lat'><strong>2</strong></span> <span class='ocrx_word' id='word_1_328' title='bbox 1584 2296 1646 2329; x_wconf 83' lang='lat' dir='ltr'><strong>bis.</strong></span> <span class='ocrx_word' id='word_1_329' title='bbox 1688 2294 1751 2327; x_wconf 86' lang='lat' dir='ltr'><strong>Cit.</strong></span> <span class='ocrx_word' id='word_1_330' title='bbox 1781 2298 1838 2332; x_wconf 87' lang='lat'><strong>24,</strong></span> <span class='ocrx_word' id='word_1_331' title='bbox 1867 2296 1896 2324; x_wconf 86' lang='grc'><strong>1.</strong></span> 
     </span>
     <span class='ocr_line' id='line_1_30' title="bbox 274 2356 492 2399; baseline -0.018 -9"><span class='ocrx_word' id='word_1_332' title='bbox 274 2369 360 2390; x_wconf 91' lang='lat' dir='ltr'><strong>num.</strong></span> <span class='ocrx_word' id='word_1_333' title='bbox 392 2356 492 2399; x_wconf 86' lang='lat' dir='ltr'><strong>Sig.).</strong></span> 
     </span>
    </p>

    <p class='ocr_par' dir='ltr' id='par_1_11' title="bbox 399 2407 1898 2455">
     <span class='ocr_line' id='line_1_31' title="bbox 399 2407 1898 2455; baseline -0.006 -10"><span class='ocrx_word' id='word_1_334' title='bbox 399 2413 582 2455; x_wconf 72' lang='lat' dir='ltr'><strong>Scripturae</strong></span> <span class='ocrx_word' id='word_1_335' title='bbox 612 2409 802 2442; x_wconf 86' lang='lat' dir='ltr'><strong>Numidicae</strong></span> <span class='ocrx_word' id='word_1_336' title='bbox 830 2410 954 2453; x_wconf 83' lang='lat' dir='ltr'><strong>figurae</strong></span> <span class='ocrx_word' id='word_1_337' title='bbox 989 2411 1091 2454; x_wconf 84' lang='lat' dir='ltr'><strong>(quae</strong></span> <span class='ocrx_word' id='word_1_338' title='bbox 1119 2413 1233 2454; x_wconf 86' lang='lat' dir='ltr'><strong>partim</strong></span> <span class='ocrx_word' id='word_1_339' title='bbox 1263 2412 1358 2443; x_wconf 83' lang='lat' dir='ltr'><strong>etiam</strong></span> <span class='ocrx_word' id='word_1_340' title='bbox 1381 2413 1414 2443; x_wconf 88' lang='lat' dir='ltr'><strong>in</strong></span> <span class='ocrx_word' id='word_1_341' title='bbox 1438 2411 1624 2454; x_wconf 81' lang='lat' dir='ltr'><strong>Hispanicis</strong></span> <span class='ocrx_word' id='word_1_342' title='bbox 1657 2410 1743 2441; x_wconf 87' lang='lat' dir='ltr'><strong>etin</strong></span> <span class='ocrx_word' id='word_1_343' title='bbox 1767 2407 1898 2439; x_wconf 80' lang='lat' dir='ltr'><strong>sardica</strong></span> 
     </span>
    </p>
   </div>
   <div class='ocr_carea' id='block_1_8' title="bbox 273 1412 518 1455">
    <p class='ocr_par' dir='ltr' id='par_1_12' title="bbox 273 1412 518 1455">
     <span class='ocr_line' id='line_1_32' title="bbox 273 1412 518 1455; baseline -0.012 -9"><span class='ocrx_word' id='word_1_344' title='bbox 273 1413 358 1446; x_wconf 85' lang='lat' dir='ltr'><strong>hanc</strong></span> <span class='ocrx_word' id='word_1_345' title='bbox 380 1412 518 1455; x_wconf 85' lang='lat' dir='ltr'><strong>figuram</strong></span> 
     </span>
    </p>
   </div>
   <div class='ocr_carea' id='block_1_9' title="bbox 276 2466 959 2513">
    <p class='ocr_par' dir='ltr' id='par_1_13' title="bbox 276 2466 959 2513">
     <span class='ocr_line' id='line_1_33' title="bbox 276 2466 959 2513; baseline -0.007 -10"><span class='ocrx_word' id='word_1_346' title='bbox 276 2473 479 2513; x_wconf 74' lang='lat' dir='ltr'><strong>comparent)</strong></span> <span class='ocrx_word' id='word_1_347' title='bbox 472 2468 597 2503; x_wconf 58' lang='lat' dir='ltr'><strong>&gt;modo</strong></span> <span class='ocrx_word' id='word_1_348' title='bbox 621 2466 783 2510; x_wconf 88' lang='lat' dir='ltr'><strong>pleniores</strong></span> <span class='ocrx_word' id='word_1_349' title='bbox 806 2474 896 2506; x_wconf 89' lang='lat' dir='ltr'><strong>sunt,</strong></span> <span class='ocrx_word' id='word_1_350' title='bbox 925 2475 959 2499; x_wconf 87' lang='lat' dir='ltr'><strong>ut</strong></span> 
     </span>
    </p>
   </div>
   <div class='ocr_carea' id='block_1_10' title="bbox 702 2523 1455 2658">
    <p class='ocr_par' dir='ltr' id='par_1_14' title="bbox 702 2523 1455 2658">
     <span class='ocr_line' id='line_1_34' title="bbox 702 2523 1455 2658; baseline -0.005 0"><span class='ocrx_word' id='word_1_351' title='bbox 702 2523 1455 2658; x_wconf 33' lang='lat' dir='ltr'><strong>&gt;samem</strong></span> 
     </span>
    </p>
   </div>
  </div>
 </body>
</html>
