2242 2976
435 295 438 297 ’
455 282 670 317 INSCRIPT.
694 281 1159 317 PUNICO-NUMIDICAE.
1200 282 1276 316 Lx.
1298 280 1524 316 NUMIDICA
1541 279 1741 321 QUARTA.
1835 284 1911 320 207

282 388 391 411 rarum
425 385 582 422 potestate
609 385 704 421 atque
733 379 774 410 de
802 379 952 410 universa
981 379 1142 410 sententia
1163 377 1243 410 mihi
1265 388 1343 409 mox
1365 382 1532 409 constaret.
1575 376 1651 408 Duo
1672 377 1742 408 eius
1762 375 1910 408 dedimus

282 434 449 478 exempla,
487 435 623 467 alterum
651 437 756 467 iustae
790 435 1037 477 magnitudinis,
1075 434 1211 466 alterum
1241 436 1276 465 in
1303 435 1410 465 minus
1447 440 1660 473 contractum,
1696 432 1782 474 quod
1811 432 1908 463 totius

281 493 481 524 monumenti
503 491 639 534 figuram
665 492 810 523 referret.
1873 523 1875 525 ,

409 547 668 591 Explicationem
691 549 761 580 eius
783 547 871 580 dedit
891 547 1097 579 Hamakerus
1119 558 1150 589 p.
1172 549 1328 585 22—37‚
1365 556 1429 577 non
1452 545 1636 585 meliorem,
1666 555 1761 589 quam
1781 554 1910 587 praece·
1934 552 1937 558 ‘

281 605 387 637 dentis
411 604 513 644 tituli,
544 605 628 648 quod
651 603 745 636 aliter
765 603 837 636 fieri
852 615 916 636 uon
931 610 1054 647 poterat
1069 615 1088 635 a
1104 605 1172 635 viro
1187 602 1379 635 Numidicae
1400 604 1578 644 scripturae
1600 604 1757 635 rationem
1777 611 1910 644 prorsus

237 682 241 684 >
280 662 461 704 ignorante.
513 660 562 693 Re
581 672 658 693 vera
679 662 707 693 is
730 662 859 692 nonnisi
889 668 954 692 tres
983 667 1172 703 quattuorve
1201 659 1325 691 litteras
1352 659 1414 699 (³,
1439 668 1479 698 ι’,
1503 660 1541 698 b,
1571 660 1688 702 passim
1712 667 1734 691 72
1759 665 1792 689 et
1812 657 1855 700 n)
1878 663 1910 688 et

281 718 345 749 tria
366 717 522 750 vocabula
544 717 618 759 (lin.
640 721 661 750 2
682 718 762 756 593,
786 716 843 748 lin.
867 720 887 749 3
909 725 978 750 rma
1002 740 1028 749 ..
1051 716 1153 760 ²:925)
1175 723 1262 748 recte
1285 715 1366 758 legit
1387 717 1421 747 in
1443 716 1706 758 interpretatione
1728 726 1805 754 sua,
1829 724 1909 757 quae

280 773 361 806 haec
382 780 449 806 est:

804 826 867 861 ·==.’.
891 825 1000 865 'aasz
1024 817 1123 864 aaa}
1147 825 1200 862 ³3³3
1224 820 1274 858 w:
1300 820 1386 858 :ran

750 883 799 918 τῃ
824 882 878 921 3¹23
900 882 999 922 ‘'¹³³2AE
1023 883 1074 919 ης
1096 878 1225 921 majans
1247 876 1304 915 ³³52
1327 874 1388 914 3³32!

927 939 996 978 ’νέξ
1021 931 1173 979 naam}
1197 934 1283 979 «τηΰ-
1307 929 1388 978 ³³2³}

367 996 497 1029 Donum
510 1000 610 1030 musti
627 1007 762 1035 uvarum
777 1008 842 1040 pro
856 1001 964 1031 vineit
982 997 1052 1040 (vel
1068 998 1241 1029 secundum
1260 997 1410 1035 ordiner,
1433 1007 1547 1038 nempe
1563 995 1752 1036 vinearum)
1770 996 1912 1035 propter

1118 1057 1351 1085 incrementum
1374 1063 1485 1084 earum
1516 1051 1588 1094 (vel
1610 1051 1701 1091 eins)

355 1093 510 1142 ΔΕοιόιιιιὶ·
533 1109 670 1142 Zoemts
698 1108 771 1151 (vel
794 1109 1022 1153 Zeugitamn)
1055 1109 1100 1141 ad
1128 1109 1314 1152 expiandos
1341 1108 1512 1151 Bagemes
1539 1111 1773 1140 monumentum
1796 1107 1911 1148 pos-uit

1114 1166 1280 1198 laudando
1303 1164 1375 1207 (vel
1394 1163 1608 1205 celebrando)

368 1222 528 1254 dominum
544 1222 739 1261 fructuum,
770 1223 816 1254 ad
832 1226 1124 1266 compensationem
1140 1212 1308 1265 publicam

283 1300 440 1332 quamque
462 1292 491 1322 si
512 1289 641 1322 silentio
665 1292 803 1323 transire
826 1291 1020 1333 potuissem,
1050 1290 1156 1322 bonae
1179 1291 1219 1322 de
1241 1291 1382 1322 auctoris
1400 1289 1522 1321 iudicio
1544 1287 1776 1320 existimationi
1797 1284 1911 1317 melius

284 1345 527 1379 consuluissem.

413 1407 442 1435 2.
486 1402 591 1435 Nobis
614 1404 699 1435 viam
722 1404 762 1435 ad
784 1402 956 1445 legendum
978 1402 1065 1434 hunc
1086 1401 1211 1435 titulum
1234 1403 1372 1434 munivit
1392 1401 1481 1433 linea
1503 1401 1615 1439 tertia,
1654 1400 1694 1431 de
1716 1409 1778 1442 qua
1801 1398 1912 1439 dispu-

284 1461 423 1491 tavimus
433 1460 611 1502 palaeogr.
627 1459 767 1492 Studien
783 1472 811 1503 p.
830 1461 870 1492 77
885 1471 954 1502 sqq.
1000 1460 1107 1491 Etiam
1124 1459 1230 1491 lineae
1244 1462 1263 1490 2
1280 1460 1473 1490 sententiam
1492 1468 1533 1489 ex
1549 1456 1734 1500 apographo
1748 1453 1911 1487 Humber-

282 1518 371 1548 tiano
390 1527 661 1558 perceperamus,
695 1517 831 1558 primam
855 1515 993 1555 lineam,
1023 1522 1058 1548 ut
1081 1516 1241 1554 diximus,
1264 1516 1338 1557 ipso
1361 1515 1489 1547 demum
1508 1513 1615 1556 lapide
1636 1515 1780 1555 inspecto
1801 1510 1911 1553 legere

283 1573 462 1615 coepimus.
506 1571 627 1604 Nostra
646 1570 756 1605 autem'
775 1571 871 1604 lectio
894 1572 974 1604 haec
995 1579 1061 1604 est:
1890 1558 1893 1560 ι

752 1650 826 1699 35:
857 1649 973 1687 mum
1004 1648 1123 1687 aazia
1157 1638 1193 1683 ’ν
1232 1636 1405 1688 δειπνῶν
1436 1635 1527 1687 §aa

553 1708 690 1772 ibren
722 1721 810 1758 nm
841 1710 955 1760 mab
989 1720 1064 1772 3⁵¹&
1095 1708 1271 1759 §ynam-t
1300 1711 1334 1755 ’ν
1372 1722 1415 1770 7:
1447 1707 1527 1759 ’πει

858 1793 946 1829 nm
976 1779 1057 1843 ab?
1086 1793 1178 1828 :vna
1210 1791 1282 1843 rm
1312 1792 1387 1843 32³³
1419 1779 1525 1831 52:25

390 1869 528 1917 Imago
559 1867 796 1905 Schedtbalis
821 1869 925 1904 servi
947 1868 1012 1904 tui
1029 1867 1143 1912 iusti,
1176 1868 1344 1917 spectati
1362 1868 1402 1903 in
1430 1866 1552 1903 oculis

387 1934 543 1979 Baulis,
558 1934 649 1979 filii
669 1934 774 1970 servi
794 1934 858 1970 tui
880 1932 1133 1983 Hiempsalis,
1158 1932 1322 1969 Domini
1338 1931 1454 1980 regni
1467 1930 1617 1981 populi
1634 1928 1911 1977 Massylorum,

388 1999 655 2048 (consecrata)
681 1998 806 2035 Bauli
831 1999 966 2035 Solari
986 1998 1173 2043 Domino,
1207 1997 1277 2047 qui
1299 1997 1504 2033 exaudivit
1527 2008 1636 2032 voces
1654 1994 1808 2045 populi.

411 2075 471 2107 Est
492 2076 605 2118 igitur,
636 2064 738 2117 aeque
758 2082 852 2117 atque
870 2082 934 2106 tres
950 2075 1197 2121 praecedentes,
1219 2073 1303 2115 lapis
1318 2074 1446 2105 votivus
1463 2071 1556 2104 Baali
1572 2070 1680 2103 Solari
1699 2077 1912 2106 consecratus,

285 2133 343 2165 sed
365 2133 513 2163 voventis
535 2132 677 2174 imagine
691 2138 838 2170 ornatus,
857 2131 923 2173 'quo
945 2131 1065 2163 factum
1081 2137 1145 2169 est,
1169 2136 1202 2162 ut
1217 2130 1377 2162 sententia
1391 2128 1474 2160 tituli
1490 2129 1620 2160 inverso
1636 2128 1749 2159 ordine
1763 2127 1913 2169 procedat

285 2196 319 2221 et
349 2189 498 2221 voventis
529 2198 647 2220 nomen
675 2195 767 2230 atque
796 2188 944 2230 prosapia
979 2187 1118 2219 numinis
1149 2186 1304 2219 mentioni
1338 2186 1517 2228 praemissa
1544 2185 1596 2217 sit.
1654 2183 1703 2216 De
1733 2183 1911 2215 litterarum

284 2245 416 2289 figuris,
439 2255 519 2288 quae
543 2245 626 2276 mira
638 2243 835 2287 negligentia
848 2251 880 2276 et
893 2250 1127 2286 arteperquam
1139 2244 1212 2275 rudi
1229 2249 1380 2274 exaratae
1396 2247 1489 2281 sunt,
1512 2252 1611 2273 unum
1628 2240 1912 2283 praemuniendum

287 2310 354 2342 est,
389 2302 515 2333 tertiam
544 2300 683 2340 lineam,
720 2311 800 2343 quae
822 2299 992 2332 formulam
1018 2301 1157 2331 votivam
1181 2300 1360 2337 contineat,
1388 2299 1506 2341 passim
1529 2297 1610 2329 alios
1633 2308 1751 2339 eosque
1775 2297 1912 2327 maiores

286 2358 487 2390 characteres
509 2357 629 2389 habere
651 2365 745 2400 atque
768 2358 847 2389 duas
868 2358 990 2399 priores
1020 2356 1079 2398 (cf.
1113 2355 1223 2399 Caph,
1253 2355 1398 2394 Lan-ed,
1427 2354 1556 2396 illem),
1594 2355 1685 2386 cuins
1713 2355 1761 2385 rei
1783 2362 1912 2393 causam

287 2414 370 2446 hanc
398 2415 498 2446 fuisse
529 2425 666 2453 censeo,
703 2413 787 2456 quod
815 2412 957 2455 sculptor
985 2414 1019 2445 in
1048 2412 1108 2444 hac
1137 2411 1279 2445 formula
1309 2411 1479 2444 scribenda
1508 2410 1572 2449 alia
1594 2408 1744 2452 exempla
1766 2414 1912 2441 accurata

287 2471 428 2502 imitatus
450 2478 516 2509 est,
544 2472 578 2502 in
601 2469 726 2513 reliqua
749 2469 834 2501 tituli
855 2477 946 2512 parte
969 2477 1002 2501 et
1021 2471 1054 2501 in
1077 2469 1260 2501 nominibus
1283 2469 1420 2511 propriis
1442 2467 1622 2500 scribendis
1645 2478 1686 2498 ex
1709 2477 1768 2498 sua
1790 2471 1910 2496 tantum

289 2526 478 2558 dexteritate
499 2527 603 2559 dicam
627 2538 668 2558 an
690 2527 851 2569 imperitia
874 2533 905 2558 et
928 2527 1103 2572 rusticitate
1123 2526 1292 2569 pendebat.
1337 2524 1423 2563 Quid
1445 2525 1484 2556 de
1507 2522 1705 2566 singularum
1731 2521 1910 2553 litterarum

288 2588 442 2623 potestate
464 2589 656 2623 statuamus,
686 2583 720 2616 in
741 2582 914 2626 alphabeto
935 2582 1063 2616 tabulae
1084 2583 1210 2616 adiecto
1231 2582 1461 2621 indicavimus,
1491 2591 1589 2624 quare
1612 2579 1652 2611 ad
1673 2576 1801 2620 singula
1816 2587 1912 2619 expe·

287 2638 405 2670 dienda
426 2639 489 2671 iam
512 2640 741 2673 transeundum
763 2646 824 2672 est.
939 2640 945 2646 '
