2242 2976
413 260 474 293 DE
494 233 993 293 LITTERISQH'OENICHS.
1037 261 1067 299 ς.
1091 262 1144 292 35.
1176 258 1238 291 DE
1266 258 1490 292 NUMIDICA
1513 258 1772 293 SCRIPTURA.
1871 264 1921 301 49

294 354 493 399 apographis
515 356 621 386 minus
642 355 810 387 accuratis.
853 353 939 386 Vide
965 353 1047 385 cluet
1076 359 1108 385 et
1139 351 1276 386 Samo-cla
1304 352 1408 385 Melit.
1434 356 1472 393 1,
1494 357 1533 393 2,
1566 353 1648 386 01ιεί
1670 353 1734 387 Cit.
1758 357 1815 394 15,
1839 358 1868 387 1.
1891 359 1922 395 3,

294 411 388 445 Zade
413 410 475 443 Cit.
498 414 551 451 20,
576 415 591 443 1
618 412 672 453 (in
687 411 822 453 15:272),
855 411 997 443 maxime
1019 409 1110 442 Mem
1132 416 1164 441 et
1186 408 1289 441 Schin
1309 409 1413 443 Melit.
1428 413 1459 449 3,
1477 413 1505 442 1.
1523 414 1562 450 2,
1590 412 1622 442 in
1638 410 1754 454 quibus
1775 410 1923 454 legendis

293 479 407 501 revera
439 468 548 511 lapsus
578 475 627 500 est
654 468 870 500 Hamakerus.
915 467 1068 499 Eiusdem
1096 467 1145 497 rei
1168 465 1319 508 exempla
1339 468 1373 498 in
1397 468 1536 509 antiquis
1559 467 1660 499 titulis
1683 469 1807 510 graecis
1831 479 1924 511 repe-

293 526 432 564 riuntur,
456 524 544 556 velut
559 524 629 557 Eta
644 525 706 566 (H)
724 526 758 556 in
772 522 869 566 Corp.
884 526 982 555 inser.
1006 522 1046 554 T.
1060 526 1075 555 1
1101 534 1154 557 no.
1170 527 1186 555 1
1211 524 1324 555 eodem
1340 523 1434 554 modo
1449 523 1585 555 fractum
1603 530 1695 567 atque
1714 523 1923 566 phoenicium

293 583 384 624 pingi
399 581 493 620 solet,
509 581 594 624 quod
613 581 669 613 vix
685 582 852 612 restituere
866 579 1004 611 debebat
1019 579 1219 619 Boeckhius,
1243 579 1389 618 Gamma,
1404 578 1556 621 Epsilon,
1574 578 1690 622 Sigma
1707 580 1784 612 ibid.
1801 592 1853 613 no.
1870 585 1921 621 11,

293 645 326 669 et
348 639 408 670 Μῦ
429 639 464 670 in
486 639 591 670 numis
611 637 784 669 Emesenis
818 635 978 676 (Pellerin
1001 637 1067 668 rois
1091 643 1123 667 et
1144 635 1293 678 peuples,
1316 635 1380 667 tab.
1405 636 1475 677 16).
1521 635 1617 673 Quod
1643 647 1721 668 vero
1743 639 1922 680 antiquiore

294 701 437 738 tempore
452 706 559 727 rarum
574 699 643 725 erat
659 699 691 725 et
706 694 798 737 quasi
813 692 1028 736 illegitimum,
1047 693 1081 725 id
1103 692 1232 724 labente
1249 699 1352 724 aetate
1369 691 1546 734 legitimum
1564 691 1683 724 factum
1699 700 1759 733 est,
1783 701 1868 726 certe
1888 695 1922 726 in

292 749 400 783 littera
418 751 515 790 Chet,
538 761 632 793 quam
656 751 688 781 in
707 748 878 781 Numidica
901 751 1074 792 scriptura,
1097 755 1129 781 et
1150 748 1286 781 subinde
1308 750 1372 780 iam
1396 749 1504 791 prius,
1526 747 1579 779 vel
1601 748 1725 782 duabus
1747 749 1800 782 vel
1821 750 1923 783 tribus

293 805 390 839 lineis
413 818 478 839 nou
500 806 748 838 cohaerentibus
770 807 890 849 pictam
910 817 981 838 esse
1003 807 1141 838 vidimus
1164 806 1204 847 (ξ.
1230 807 1293 846 19).

420 868 453 895 4.
497 863 681 895 Peculiares
711 863 899 894 litterarum
919 862 1079 901 finalium
1100 862 1223 894 formae
1252 863 1285 893 in
1308 862 1466 903 scriptura
1485 867 1594 892 vetere
1617 861 1793 895 Phoenicia
1815 863 1923 895 nullae

293 925 441 951 exstant:
465 930 525 951 nec
540 918 636 951 facile
652 920 730 951 oriri
743 925 891 961 poterant
908 920 942 951 in
958 918 1066 951 verbis
1085 920 1236 950 continua
1253 917 1440 961 plerumque
1452 918 1537 949 serie
1551 919 1678 960 scriptis
1695 919 1737 962 (v.
1760 921 1788 958 §.
1809 922 1861 959 53,
1880 920 1923 962 2).

293 973 390 1013 Quod
412 978 498 1008 enim
520 975 738 1018 Lindbergius
760 976 810 1017 (p.
834 976 895 1017 16)
917 973 994 1006 Nun
1016 974 1115 1006 finale
1137 975 1403 1006 animadvertisse
1431 974 1493 1005 sibi
1522 975 1611 1006 visus
1641 981 1707 1014 est,
1737 977 1802 1007 iam
1825 987 1924 1019 supra

293 1031 471 1064 refellimus
486 1033 525 1064 ad
537 1031 599 1064 Jod
616 1031 754 1063 litteram
771 1032 813 1073 (ξ.
828 1032 901 1071 21);
923 1030 1012 1062 Mem
1029 1038 1133 1062 autem
1152 1029 1263 1069 finale,
1289 1030 1372 1076 quod
1387 1030 1472 1061 idem
1489 1029 1599 1062 laudat
1614 1031 1695 1062 duce
1708 1031 1851 1074 Koppio,
1875 1038 1924 1064 est

293 1089 327 1119 iu
357 1095 564 1120 monumento
587 1088 757 1127 Hebraeo,
785 1099 850 1119 non
879 1087 1066 1120 Phoenicio.
1109 1087 1248 1119 Possunt
1277 1093 1385 1118 autem
1415 1086 1477 1118 huc
1505 1086 1621 1118 referri
1647 1086 1774 1119 litterae
1796 1088 1926 1121 Lamed

294 1151 326 1176 et
347 1144 427 1177 Nun
449 1146 483 1176 in
506 1146 662 1187 scriptura
684 1143 855 1176 Numidica
877 1145 1031 1176 extremis
1053 1144 1187 1176 vocibus
1210 1144 1325 1186 partim
1347 1142 1478 1186 longius
1500 1144 1623 1185 pictae,
1654 1154 1683 1175 v.
1707 1145 1767 1178 bs:
1792 1143 1921 1177 Numid.

296 1204 325 1240 1,
348 1204 379 1233 3.
393 1205 422 1233 4.
444 1205 478 1241 4,
494 1205 509 1233 1
527 1208 623 1240 extr„
646 1209 681 1245 μ
706 1204 736 1239 1,
751 1203 780 1232 3.
795 1205 828 1239 4,
853 1212 1033 1244 quanquam
1055 1200 1118 1232 hoc
1139 1200 1218 1232 alibi
1239 1199 1434 1242 neglectum,
1458 1210 1487 1231 v.
1511 1200 1618 1242 33512272
1640 1199 1737 1232 Num.
1755 1205 1787 1240 4,
1804 1205 1824 1233 2
1840 1208 1922 1234 extr.

420 1261 448 1290 5.
492 1257 559 1290 Ubi
587 1259 683 1289 unius
712 1257 838 1289 litterae
867 1256 976 1300 plures
1005 1257 1128 1289 formae
1156 1258 1291 1289 usitatae
1323 1263 1397 1288 sunt
1424 1256 1478 1296 (id
1506 1256 1590 1299 quod
1620 1258 1653 1288 in
1682 1256 1831 1299 plurimis
1862 1270 1923 1291 usu

295 1315 413 1356 venit),
434 1313 620 1357 plerumque
644 1314 707 1345 sibi
729 1320 877 1345 constare
901 1313 1006 1345 solent
1029 1312 1157 1356 singula
1172 1319 1394 1352 monumenta,
1416 1314 1462 1344 ita
1482 1319 1518 1344 ut
1540 1313 1653 1345 eadem
1674 1312 1782 1345 littera
1804 1314 1922 1358 ubique

293 1371 406 1403 eodem
422 1370 491 1402 fere
506 1371 601 1402 modo
616 1377 748 1402 exarata
762 1371 813 1401 sit.
857 1369 912 1401 Sic
936 1370 969 1400 in
994 1370 1098 1401 numis
1113 1369 1235 1401 Ciliciis
1255 1368 1381 1401 litterae
1395 1368 1479 1400 Beth
1502 1376 1534 1400 et
1556 1368 1661 1401 Resch
1682 1371 1785 1411 capita
1803 1370 1924 1403 habent

294 1426 463 1470 angularia
483 1438 619 1469 superne
641 1434 768 1469 aperta:
793 1427 827 1457 in
845 1426 942 1457 inscr-
962 1424 1148 1458 oxoniensi
1163 1436 1274 1458 omnes
1290 1424 1417 1457 litterae
1433 1426 1588 1468 capitatae
1604 1431 1637 1456 et
1651 1426 1807 1457 rotundae
1821 1437 1922 1470 angu-

290 1482 377 1515 lares
398 1489 473 1515 sunt
494 1489 527 1515 et
549 1494 646 1526 saepe
669 1494 806 1526 superne
827 1489 973 1525 apertae:
997 1483 1031 1514 in
1048 1480 1357 1525 Carthaginensibus
1381 1485 1485 1513 1-4.
1502 1485 1520 1514 5
1541 1481 1607 1513 Ain
1623 1493 1761 1524 superne
1775 1490 1922 1525 apertum

292 1575 352 1608 est,
377 1567 472 1608 Beth,
495 1568 633 1607 Daleth‚
656 1568 760 1601 Resch
779 1566 1000 1611 triangularia‚
1023 1566 1095 1599 Tau
1118 1573 1301 1599 constanter
1322 1550 1383 1624 ⁴†·
1401 1590 1411 1607 ,
1442 1564 1532 1598 Mem
1551 1557 1608 1626 uj
1625 1589 1635 1606 ‚
1666 1566 1765 1599 Schin
1789 1560 1866 1630 1-172
1888 1571 1921 1601 in

292 1661 461 1705 Tuggensi
487 1661 551 1694 Ain
575 1669 757 1695 constanter
787 1650 836 1715 ὦ
860 1685 869 1701 ,
895 1661 994 1694 Schin
1027 1653 1101 1730 VJ,
1123 1661 1212 1693 Mem
1231 1651 1286 1720 ᾞ
1322 1667 1406 1700 cet.‚
1448 1671 1542 1703 quam
1573 1662 1678 1704 ipsam
1712 1661 1753 1693 ob
1792 1673 1922 1694 causam

291 1754 463 1797 alphabeta
495 1766 538 1786 ex
568 1755 703 1797 singulis
734 1756 925 1798 quibusdam
949 1757 1167 1788 monumentis
1196 1765 1315 1799 magno
1345 1767 1416 1788 cum
1441 1755 1547 1786 fructu
1570 1755 1811 1786 concinnantm.
1857 1755 1923 1788 Sed

292 1818 404 1843 contra
432 1811 560 1843 fuerunt
587 1813 683 1843 etiam
714 1812 905 1855 calligraphi
937 1819 969 1844 et
995 1813 1158 1851 statuarii,
1199 1814 1253 1855 qui
1282 1814 1315 1843 in
1342 1811 1518 1854 figurarum
1548 1812 1704 1842 varietate
1727 1810 1923 1853 elegantiam

291 1868 450 1910 quandam
473 1874 657 1910 captarent,
694 1868 863 1912 pluresque
886 1870 981 1900 unius
1002 1867 1127 1900 litterae
1155 1868 1276 1912 figuras
1299 1871 1332 1900 in
1355 1869 1469 1900 eodem
1491 1866 1584 1899 titulo
1607 1867 1822 1899 admitterent.
1867 1868 1922 1901 Sic

290 1925 324 1956 in
347 1923 451 1956 Melit.
478 1925 582 1966 prima
612 1923 642 1956 A
665 1924 772 1968 Aleph
795 1926 912 1969 ubique
939 1926 1080 1968 pingitur
1101 1925 1188 1978 k,
1222 1927 1256 1957 in
1286 1925 1398 1957 eadem
1420 1924 1447 1956 B
1469 1924 1566 1956 modo
1588 1924 1650 1963 ita,
1681 1924 1776 1955 modo
1808 1924 1854 1967 ss:
1885 1926 1920 1957 in

289 1982 394 2016 Melit.
408 1987 427 2015 2
450 1982 545 2026 Koph
562 1983 698 2023 duobus,
721 1985 755 2016 in
770 1984 889 2017 Athen.
907 1989 921 2017 1
947 1984 1036 2017 Mem
1053 1985 1155 2018 tribus
1177 1986 1282 2017 modis
1303 1984 1471 2021 scribitur;
1494 1985 1636 2015 maxima
1658 1991 1765 2015 autem
1779 1985 1919 2016 varietas

291 2047 340 2073 est
368 2042 401 2072 in
429 2040 587 2081 Erycina,
626 2051 706 2083 quae
741 2049 865 2084 praeter
894 2041 1045 2085 vulgares
1077 2041 1248 2074 multarum
1277 2041 1457 2074 litterarum
1487 2041 1607 2073 formas
1641 2042 1737 2073 etiam
1773 2040 1920 2073 insolitas

290 2096 444 2139 quasdam
467 2103 499 2128 et
521 2098 708 2140 peregrinas
733 2097 837 2130 habet.

1047 2186 1076 2223 §.
1110 2187 1162 2216 35.

671 2250 732 2283 De
760 2250 990 2283 Numidica
1019 2256 1239 2295 scriptura
1270 2254 1519 2293 separatim.

415 2315 627 2349 Numidarum
663 2317 788 2350 litteras
822 2320 951 2351 easdem
988 2320 1056 2351 fere
1089 2320 1189 2352 fuisse
1228 2326 1322 2362 atque
1359 2319 1518 2358 Punicas,
1555 2318 1606 2350 vel
1642 2329 1683 2350 ex
1717 2316 1917 2349 nobilissimo

289 2371 455 2405 Ciceronis
481 2373 553 2406 loco
583 2376 634 2416 (in
658 2374 794 2407 Verrem
817 2383 878 2407 act.
904 2375 953 2415 11,
973 2380 994 2408 4
1017 2387 1043 2408 c.
1066 2378 1126 2418 46)
1158 2377 1281 2409 discere
1304 2382 1452 2418 poterant
1475 2376 1609 2414 eruditi,
1642 2386 1703 2417 quo
1726 2373 1918 2405 Masinissae

287 2429 398 2462 titulus
426 2431 554 2473 quidam
587 2439 781 2463 memoratur
811 2433 950 2464 Punicis
980 2434 1105 2466 litteris
1134 2434 1224 2465 ebori
1253 2435 1444 2476 inscriptus,
1475 2432 1599 2464 collatis
1628 2430 1753 2462 Valerii
1782 2427 1918 2460 Maximi

291 2486 397 2518 verbis
420 2488 476 2529 (1,
508 2489 544 2529 1)
568 2489 621 2530 qui
641 2500 697 2531 pro
729 2511 750 2527 „
759 2493 891 2530 punicis·
921 2491 1046 2522 litteris
1056 2493 1078 2510 “
1104 2494 1245 2534 „gentis
1275 2502 1354 2522 suae
1384 2491 1426 2531 (i.
1449 2501 1474 2520 e.
1499 2489 1698 2524 numidicae)
1718 2486 1873 2518 Μία-ἰν*
1889 2484 1915 2525 *)

244 2582 247 2585 ἢ
290 2542 410 2575 scribit.
456 2543 564 2581 Quum
587 2556 662 2576 vero
687 2544 794 2587 plures
816 2554 1094 2579 monumentorum
1113 2546 1375 2585 Numidicorum,
1410 2557 1448 2578 ac
1478 2547 1618 2578 maxime
1642 2543 1768 2586 quidem
1798 2541 1918 2572 numis-

344 2642 368 2677 ')
386 2645 532 2680 Utrumque
545 2648 634 2674 locum
650 2648 754 2682 plenius
767 2648 933 2683 exscriptum
951 2658 979 2676 v.
995 2649 1065 2675 infra
1083 2649 1130 2676 lib.
1155 2650 1189 2677 11.
1208 2653 1269 2682 post
1286 2648 1343 2674 init.

1513 2698 1531 2726 7
