2242 2976
664 254 781 287 NUMI
804 253 955 287 PUNlcl
980 253 1214 287 HlSPANICI.
1259 253 1350 286 XVI.
1375 253 1519 286 SEXTI.
1628 226 1629 229 Ἴ
1826 257 1899 293 309

282 348 499 390 (Hohlenb.).
550 347 596 380 M.
626 359 667 380 ex
696 348 857 380 Mionneti
886 347 986 390 suppl.
1016 347 1031 379 Ι
1062 346 1103 390 pl.
1132 350 1151 380 5
1187 358 1239 379 no.
1273 350 1302 379 3.
1354 347 1396 380 N.
1418 359 1460 380 ex
1483 347 1632 390 exemplo
1660 347 1834 380 parisiensi
1856 349 1897 380 ab

279 405 525 448 Hohlenbergio
545 404 641 437 delin.
665 405 823 437 Miounet.
844 415 899 436 no.
923 407 994 437 678.
1041 403 1081 437 O.
1107 415 1149 436 ex
1171 403 1235 435 alio
1259 404 1481 436 Mionnetiano
1504 406 1644 437 eiusdem
1668 406 1734 447 typi
1750 413 1842 448 atque
1855 404 1896 437 N.

280 462 315 494 P.
340 473 382 494 ex
406 462 587 504 Velasquez
610 461 672 494 tab.
696 465 747 501 18,
770 465 800 494 7.
845 460 885 498 Q.
907 460 1011 502 Bayer
1033 461 1096 493 tab.
1117 466 1139 492 4
1162 471 1214 492 no.
1236 463 1266 492 8.
1311 460 1348 491 R.
1373 461 1497 492 Florez.
1522 461 1584 493 tab.
1602 464 1653 500 27,
1670 465 1700 493 6.
1745 462 1779 493 S.
1796 462 1898 494 Lind-

280 518 362 562 berg
389 530 440 550 no.
471 521 511 550 10
539 519 646 559 (cuius
674 518 793 549 fontem
824 519 994 550 indicatum
1026 529 1088 549 non
1117 517 1253 560 reperi).
1299 516 1341 549 T.
1364 507 1514 549 Mionnet
1545 518 1609 550 tab.
1634 521 1684 557 18,
1708 521 1727 550 3
1757 519 1811 561 (in
1835 529 1896 560 quo

280 586 397 618 scapus
421 575 547 606 litterae
569 574 642 606 Tau
664 576 801 607 omissus
822 582 886 614 est,
921 582 956 606 ut
977 574 1036 606 litt.
1059 574 1094 607 F.

406 631 443 662 In
467 630 603 674 legendo
625 631 715 662 urbis
738 632 865 662 nomine
888 632 1053 673 pristinam
1075 641 1185 662 eorum
1202 631 1411 668 sententiam,
1438 632 1490 672 qui
1507 641 1564 674 pus>
1589 630 1786 671 (Cenaeum,
1811 631 1897 663 Gon-

280 687 414 730 canam)
435 687 601 730 legebant,
618 685 699 718 nihil
717 698 835 725 moror,
864 694 930 718 tum
950 689 1023 729 quia
1039 689 1139 729 prima
1157 694 1189 718 et
1206 686 1317 718 ultima
1331 686 1440 718 littera
1456 697 1476 729 p
1492 698 1562 719 esse
1578 699 1640 719 non
1657 695 1807 730 possunt,
1831 694 1897 719 tum

280 746 355 787 quia
376 743 451 777 illae
475 743 568 776 urbes
591 750 654 774 tam
674 745 812 785 exiguae
834 751 907 775 sunt
930 750 961 774 et
977 743 1094 775 nullius
1110 745 1282 782 momenti,
1306 750 1340 774 ut
1358 745 1413 774 vix
1428 751 1642 775 memorentur
1659 755 1677 774 a
1694 744 1896 787 geographis.

279 799 353 832 Non
385 801 618 832 contemnenda
646 806 751 832 autem
781 800 970 842 Lindbergii
999 801 1099 838 ratio,
1134 801 1186 842 qni
1217 807 1281 831 tres
1311 799 1432 831 litteras
1463 801 1516 842 (ut
1533 801 1691 842 diximus)
1714 800 1792 843 legit
1823 808 1896 842 VD&

279 864 310 888 et
336 857 513 899 Hispaniae
544 857 694 888 Baeticae
722 856 835 888 urbem
865 858 1056 888 maritimam
1079 856 1231 899 intelligit
1254 855 1326 888 Sex
1349 855 1460 898 (Ἓξ),
1486 858 1561 888 item
1586 856 1690 888 Sexti
1709 859 1842 899 (orum)
1866 865 1899 888 et

279 911 438 945 Firmium
465 913 588 945 Julium
622 914 754 951 dictam,
791 914 874 944 inter
903 912 1066 955 Malagam
1097 920 1128 944 et
1157 912 1318 944 Abderam
1354 906 1466 951 sita'm,
1506 913 1544 944 de
1575 924 1636 954 qua
1666 915 1793 945 videndi
1824 922 1898 945 sunt

279 968 413 1006 Strabo,
451 969 558 1007 Mela,
588 969 712 1000 Plinius
747 979 798 1010 ap.
831 968 1004 999 Cellarium
1034 968 1049 1000 I
1080 980 1109 1010 p.
1139 971 1191 1000 74.
1243 977 1317 1009 VD&
1353 970 1438 1000 enim
1471 970 1678 1001 domesticum
1710 971 1779 1001 eius
1809 970 1898 1001 urbis

279 1035 394 1057 nomen
422 1025 523 1057 fuisse
552 1026 680 1062 statuit,
714 1024 798 1066 quod
819 1024 928 1056 Latini
950 1026 982 1056 in
1008 1023 1080 1056 Sea:
1102 1012 1336 1071 contraxerint,
1366 1032 1401 1056 ut
1424 1027 1510 1070 &3²32
1532 1028 1682 1063 παλλακίς
1703 1034 1897 1058 contractum

278 1088 328 1113 est
355 1082 388 1112 in
416 1079 555 1119 πάλλαξ,
583 1081 710 1122 pellex.
754 1079 838 1112 Nam
859 1081 965 1113 media
987 1080 1095 1113 littera
1115 1082 1147 1112 in
1172 1080 1332 1123 plerisque
1353 1081 1512 1123 exemplis
1538 1082 1596 1122 (A.
1621 1081 1654 1112 C.
1677 1082 1717 1114 D.
1739 1083 1782 1113 H.
1804 1082 1830 1114 1.
1854 1082 1896 1114 K.

277 1137 316 1170 L.
341 1136 392 1180 Q)
422 1137 626 1170 manifestum
656 1144 704 1169 est
738 1136 849 1178 Caph:
885 1140 986 1179 prima
1009 1145 1040 1169 et
1062 1139 1157 1169 tertia
1174 1139 1210 1170 =in
1234 1136 1343 1170 multis
1365 1139 1496 1170 omuino
1519 1136 1644 1169 litterae
1669 1139 1759 1170 Zade
1783 1139 1898 1171 similis

278 1201 327 1225 est
360 1195 455 1234 (vide
487 1195 625 1226 maxime
654 1192 694 1225 A.
726 1192 764 1225 Β.
788 1192 824 1224 C.
850 1192 887 1225 R.
913 1194 954 1232 S,
992 1195 1024 1225 in
1056 1193 1082 1224 F
1111 1200 1143 1225 et
1172 1193 1201 1225 T
1224 1205 1338 1235 scapus
1368 1205 1386 1225 a
1409 1195 1539 1226 sinistra
1560 1195 1682 1235 deest).
1725 1195 1899 1237 Propterea

279 1252 310 1282 ei
345 1252 405 1281 toti
433 1251 628 1282 assensimus
660 1251 692 1280 in
716 1249 920 1291 Ephemerid.
950 1249 1023 1283 Hal.
1055 1253 1134 1281 1825
1159 1261 1209 1281 no.
1240 1253 1281 1281 64
1310 1257 1342 1281 et
1369 1251 1546 1281 exercitatt.
1570 1250 1729 1293 palaeogr.
1750 1263 1822 1294 pag.
1846 1255 1898 1291 65,

278 1307 318 1338 de
352 1313 458 1348 etymo
496 1316 620 1348 quoque
636 1329 646 1345 ‚
694 1308 776 1349 quod
812 1309 964 1338 intactum
1000 1306 1172 1348 reliquerat
1206 1306 1444 1349 Lindbergius‚
1491 1307 1706 1338 coniecturam
1746 1308 1899 1339 addentes

278 1364 380 1405 (γῡκ
407 1373 466 1404 pro
497 1368 611 1404 72:23,
646 1369 682 1394 ut
707 1365 826 1411 rai-&2122
855 1370 985 1395 catenae
1014 1363 1119 1395 Exod.
1143 1366 1204 1401 28,
1228 1366 1268 1393 22
1288 1374 1350 1404 ¹pro
1366 1361 1509 1405 quadril.
1532 1365 1695 1411 ηῆῆωζᾟιξ,
1725 1364 1819 1405 idque
1843 1374 1899 1404 pro

279 1427 376 1455 nxnx
407 1422 556 1460 apricus,
589 1429 611 1453 rt
643 1426 675 1451 et
704 1427 724 1452 0
754 1421 839 1452 inter
867 1431 902 1451 se
932 1421 1136 1462 permutatis,
1172 1426 1208 1450 ut
1236 1427 1306 1452 rm&
1338 1430 1395 1460 pro
1425 1428 1495 1453 nrm
1521 1430 1630 1459 soror,
1667 1421 1700 1450 in
1724 1419 1898 1462 Sidoniis).

278 1477 392 1508 Postea
416 1484 522 1507 tamen
545 1476 760 1508 dubitationes
784 1477 877 1509 nobis
900 1477 1051 1509 subortae
1074 1482 1162 1514 sunt,
1194 1486 1338 1518 novaque
1361 1477 1523 1508 sententia
1552 1477 1666 1517 (quam
1691 1487 1787 1517 supra
1809 1478 1900 1518 tetigi

277 1543 349 1575 pag.
362 1535 415 1566 47.
433 1532 513 1573 117)
535 1531 661 1574 placere
685 1535 808 1575 coepit,
838 1541 902 1565 tres
923 1532 996 1564 illas
1019 1532 1140 1564 litteras
1163 1542 1223 1565 run
1250 1534 1364 1574 (num)
1387 1531 1540 1573 legendas
1563 1543 1651 1571 esse,
1674 1533 1756 1574 quod
1772 1534 1899 1574 proprie

283 1589 439 1622 Tanaum
461 1600 489 1620 s.
515 1590 606 1620 deam
630 1587 810 1626 Coelestem
837 1589 1013 1621 Poenorum
1047 1590 1097 1630 (p.
1122 1591 1192 1620 117.
1218 1589 1297 1629 168)
1327 1588 1540 1630 significaret,
1567 1588 1601 1622 h.
1621 1588 1643 1620 l.
1667 1595 1772 1620 autem
1796 1600 1826 1620 n.
1849 1600 1896 1630 pr.

277 1647 319 1677 sit
342 1646 452 1687 oppidi
480 1645 595 1687 Tingis
619 1645 768 1687 (Τίγγις)
791 1647 823 1677 in
850 1645 1064 1684 Mauritania,
1095 1656 1113 1676 e
1137 1647 1271 1687 regione
1295 1644 1431 1676 Gadium
1456 1646 1526 1683 siti,
1558 1646 1640 1687 quod
1658 1644 1697 1676 ab
1715 1644 1802 1676 illius
1820 1646 1899 1677 deae

279 1701 364 1733 cultu
394 1701 455 1733 hoc
482 1712 600 1733 nomen
629 1704 797 1743 acceperit.
849 1701 996 1744 Namque
1027 1705 1059 1742 1)
1088 1701 1195 1733 littera
1222 1702 1327 1733 media
1348 1703 1382 1733 in
1408 1701 1555 1743 exemplo
1578 1701 1603 1732 F
1627 1702 1829 1733 manifestum
1853 1709 1900 1733 est

277 1757 377 1793 Nun:
400 1758 535 1789 eandem
552 1759 615 1789 vim
633 1757 752 1789 habere
770 1765 902 1799 possunt
915 1758 1019 1800 figura
1034 1759 1066 1789 in
1083 1757 1142 1790 litt.
1158 1758 1186 1789 E
1201 1765 1233 1789 et
1251 1769 1361 1790 omnes
1373 1780 1382 1796 ,
1405 1769 1486 1799 quae
1504 1757 1595 1799 Caph
1613 1757 1739 1789 litterae
1761 1759 1899 1799 speciem

278 1813 418 1852 habent,
441 1816 544 1856 iquum
573 1814 669 1846 huius
698 1813 820 1856 figurae
842 1813 962 1845 Nunim
991 1815 1086 1845 etiam
1107 1814 1185 1845 alibi
1208 1822 1335 1846 exstent
1362 1814 1413 1856 (p.
1439 1817 1492 1850 37,
1514 1814 1583 1856 38).
1628 1815 1662 1856 2)
1685 1814 1720 1845 ln
1744 1816 1846 1856 prima
1868 1822 1900 1848 et

278 1872 371 1902 tertia
386 1870 492 1902 littera
508 1871 690 1903 offendebat
705 1882 778 1913 pars
794 1871 907 1902 dextra
923 1871 1018 1902 nimis
1035 1869 1132 1912 longa
1149 1877 1180 1901 et
1197 1871 1343 1902 deorsum
1368 1869 1454 1901 fiexa
1476 1881 1505 1903 v.
1521 1882 1547 1902 c.
1571 1870 1596 1902 Ι.
1614 1870 1663 1908 Κ,
1693 1871 1900 1904 offendebant

278 1928 373 1958 etiam
395 1926 520 1969 figurae
543 1938 679 1969 superne
702 1928 860 1959 rotundae
878 1928 909 1958 in
926 1926 964 1958 Β.
981 1926 1023 1957 D.
1044 1926 1082 1958 E.
1099 1927 1144 1965 L,
1168 1938 1249 1968 quae
1267 1927 1348 1957 hanc
1363 1925 1502 1966 litteram
1525 1927 1593 1959 Tau
1618 1938 1688 1958 esse
1711 1927 1898 1966 suadebant,
1950 1964 1955 1969 ι

219 2030 222 2034 .
277 1984 317 2015 cf.
335 1982 406 2015 Tau
421 1985 595 2025 scripturae
611 1994 760 2016 aramaeo
781 1991 901 2025 aegypt.
920 1983 1003 2024 (tab.
1019 1984 1061 2023 4)
1078 1990 1110 2015 et
1125 1983 1333 2024 Palmyrenae
1349 1982 1432 2024 (tab.
1449 1982 1498 2023 5)
1535 1983 1718 2015 Accedebat
1741 1983 1774 2025 3)
1786 1986 1898 2015 tertiae

276 2040 388 2085 classis
403 2040 576 2085 epigraphe
595 2040 645 2083 (v.
661 2040 701 2073 N.
716 2040 756 2071 Ο.
774 2040 838 2081 P),
868 2041 901 2071 in
919 2050 979 2081 qua
996 2040 1098 2080 prima
1112 2046 1143 2071 et
1157 2040 1250 2071 tertia
1265 2038 1371 2071 littera
1384 2039 1555 2071 manifesto
1578 2040 1646 2071 Tau
1661 2048 1727 2078 est,
1746 2039 1851 2072 >altera
1866 2043 1897 2072 in

278 2097 318 2131 N.
332 2096 372 2128 Ο.
389 2096 469 2129 Nun
483 2107 554 2128 esse
570 2098 712 2135 videtur,
741 2098 831 2128 euius
846 2096 950 2127 femur
968 2096 1076 2137 periit,
1098 2097 1130 2127 in
1146 2107 1207 2138 qua
1223 2097 1319 2138 igitur
1335 2095 1429 2127 lectio
1446 2105 1506 2129 nzn
1527 2097 1695 2128 admodum
1723 2096 1899 2139 probabilis

277 2161 336 2186 est.
379 2164 456 2196 war-j
471 2165 498 2184 s.
516 2164 589 2194 η’ξη
617 2153 769 2191 ΤιήηίίΙι,
796 2155 912 2183 Tinm's
930 2152 1037 2182 efferri
1052 2159 1174 2193 poterat
1195 2152 1328 2194 Tingis,
1351 2154 1433 2183 sicut
1449 2152 1548 2183 latine
1563 2160 1780 2195 permutantur
1797 2164 1899 2184 amma

277 2218 309 2242 et
325 2221 441 2253 agnus,
455 2215 604 2241 stanuum
618 2216 648 2240 et
663 2214 814 2251 stagnum
828 2208 923 2250 (thes.
934 2208 1012 2250 ling.
1028 2208 1116 2240 hebr.
1129 2211 1253 2254 p.340).
1278 2207 1347 2239 Nec
1361 2208 1580 2250 improbabilis
1597 2209 1763 2242 videbatur
1780 2210 1899 2240 eximia

279 2266 356 2298 haec
371 2267 526 2309 pecuniae
545 2265 720 2297 Gaditanae
738 2273 768 2296 et
784 2265 976 2307 Tingitanae
993 2264 1186 2302 similitudo,
1214 2276 1309 2306 quum
1328 2265 1388 2295 hae
1403 2265 1497 2297 urbes
1511 2276 1608 2307 parvo
1622 2266 1703 2296 freto
1720 2273 1897 2307 separatae,

279 2330 475 2354 mercaturae
499 2323 688 2353 commercio
712 2323 890 2353 arctissime
913 2322 1038 2352 iunctae
1062 2327 1186 2359 essent,
1214 2322 1355 2362 adeoque
1384 2322 1564 2365 Tingitana
1587 2321 1644 2352 sub
1667 2321 1898 2352 recentioribus

279 2379 523 2420 imperatoribus
553 2378 731 2420 Hispaniae
765 2379 937 2419 provinciis
972 2385 1182 2408 annumerata
1210 2379 1252 2408 sit
1281 2377 1377 2419 (Isid.
1406 2378 1512 2419 Etym.
1545 2378 1637 2416 XIV,
1666 2382 1696 2409 4.
1735 2377 1897 2409 Mannerti

280 2434 395 2476 Geogr.
414 2434 450 2466 X
468 2435 501 2474 b,
522 2447 554 2477 p.
570 2437 661 2476 393).
708 2434 927 2466 Nihilominus
950 2434 1113 2465 fatendum
1130 2440 1188 2473 est,
1210 2434 1307 2465 etiam
1325 2434 1398 2465 huic
1423 2436 1622 2465 coniecturae
1646 2434 1735 2476 plura
1760 2434 1896 2464 obstare.

280 2489 414 2523 Minime
442 2493 527 2523 enim
549 2498 671 2523 certum
703 2490 966 2533 exploratumque
990 2498 1056 2528 est,
1092 2489 1180 2522 illam
1202 2492 1313 2522 tertiae
1336 2491 1447 2522 classis
1470 2490 1665 2532 epigraphen
1691 2489 1751 2531 (N.
1777 2489 1817 2520 Ο.
1841 2490 1896 2531 Ρ.)

280 2547 412 2578 eandem
432 2557 521 2586 esse,
544 2559 624 2590 quae
644 2550 679 2579 in
704 2547 835 2589 reliquis
858 2547 1009 2579 habetur:
1034 2554 1066 2578 et
1089 2546 1174 2579 haud
1196 2558 1317 2589 paucae
1339 2548 1462 2577 mediae
1485 2545 1610 2578 litterae
1631 2546 1753 2588 figurae
1776 2545 1833 2586 (B.
1850 2545 1896 2577 M.

282 2601 322 2633 N.
352 2601 393 2633 Ο.
422 2601 462 2633 R.
488 2603 521 2634 S.
551 2602 602 2645 T)
640 2606 684 2636 ita
718 2610 919 2646 comparatae
954 2610 1047 2643 sunt,
1083 2610 1117 2635 ut
1155 2605 1256 2646 (quae
1286 2610 1393 2634 nostra
1423 2610 1470 2634 est
1502 2601 1790 2644 palaeographicae
1819 2604 1897 2634 artis
