2242 2976
335 253 451 288 NUMI
472 253 661 287 SICILIAE
684 253 744 286 ET
766 249 1084 287 ADIACEN'I'IUM
1106 252 1380 287 INSULARUM.
1423 254 1487 287 lx.
1509 253 1766 287 P'ANORMUS.
1832 257 1907 294 289

410 349 546 388 Nnmos,
570 349 685 392 quibus
701 358 787 383 mma
803 349 991 390 inscriptum
1001 356 1062 388 est,
1077 359 1189 380 revera
1204 348 1448 381 panormitanus
1465 359 1546 388 esse,
1567 356 1599 380 et
1613 357 1700 383 nat-¹⁷2
1715 348 1822 389 huiusi
1841 359 1905 382 non

281 405 376 444 alius,
398 406 487 437 urbis
502 405 630 437 Siculae
647 417 762 437 nomen
778 415 861 445 esse,
878 404 1032 448 colligunt
1045 409 1078 446 a)
1099 416 1138 437 ex
1151 405 1322 443 attributis,
1338 416 1472 447 qnorum
1487 405 1640 448 pleraque
1655 408 1750 437 etiam
1763 407 1796 438 in
1809 408 1906 439 certis

281 463 516 494 Panormitanis
531 469 735 504 compareant
750 463 794 503 (v.
813 457 959 493 Mionnet
974 458 1015 493 T.
1030 462 1044 493 Ι
1061 474 1092 505 p.
1109 463 1195 505 277);
1212 461 1244 503 b)
1261 473 1302 492 ex
1318 472 1357 492 eo
1373 463 1457 504 quod
1474 462 1612 499 hi-numi
1626 464 1772 505 argentei
1790 474 1906 506 magna

280 521 372 562 copia
395 520 427 550 in
450 520 567 550 vicinia
588 519 739 551 Panormi
769 519 887 561 reperti
909 525 1000 555 sunt3
1037 520 1069 559 c)
1099 519 1183 562 quod
1205 519 1336 561 egregia
1357 529 1467 565 ‘³⁰¹'¹¹¹¹.¹
1489 519 1612 550 fabrica
1636 519 1745 556 urbem
1769 521 1906 562 patriam

280 576 393 619 prodat
411 586 562 619 magnam
577 582 609 606 et
625 566 838 619 opulentam‚'
851 574 978 606 urbium
994 583 1099 606 autem
1116 574 1295 608 Sicularum
1309 585 1329 606 a
1345 575 1459 608 Poenis
1475 576 1676 607 conditarum
1690 574 1779 607 nulla
1791 578 1905 618 maior,

280 632 370 664 nulla
393 631 571 675 opulentior
590 631 685 663 fuerit
706 631 866 664 Panormo
890 631 939 673 (v.
964 630 1169 673 Barthelemy
1191 631 1215 663 Ι.
1231 643 1256 663 c.
1279 638 1310 662 et
1331 631 1456 663 Dutens
1472 643 1501 674 p.
1518 635 1598 670 207,
1629 634 1682 674 qui
1699 632 1780 664 bene
1797 622 1907 666 contra

280 689 480 722 Swintonem
515 689 703 730 disputavit,
740 688 801 719 hos
830 698 945 720 numos
975 688 1106 727 Mem‘e,
1144 698 1246 731 parvo
1275 690 1310 720 in
1332 687 1465 719 Siciliae
1495 689 1757 727 mediterraneis,
1790 691 1907 732 oppido

281 746 464 787 tribuenti).
508 743 553 778 Ut
576 745 699 784 dicam,
723 745 807 787 quod
829 755 882 776 res
897 751 963 783 est,
986 746 1124 786 primum
1147 751 1179 776 et
1201 746 1330 778 tertium
1353 742 1575 787 argumentum
1597 746 1694 778 etiam
1709 757 1780 777 cum
1797 757 1906 784 eorum

281 804 441 835 sententia
469 800 634 834 conciliari
661 808 810 844 possent,
850 802 903 843 qui
940 801 999 833 hos
1030 812 1146 834 numos
1177 801 1345 844 Syracusis
1374 801 1517 834 tribuunt
1551 803 1598 843 (ν.
1628 802 1711 834 infra
1741 803 1779 836 de
1810 814 1907 836 numo

281 858 478 899 Golziano),
517 860 550 890 in
581 859 673 890 cuius
709 865 838 889 moneta
867 858 978 889 eadem
1011 858 1165 890 attributa
1198 865 1398 907 comparent:
1437 859 1496 891 sed
1524 858 1717 897 secundum,
1753 860 1838 902 quod
1874 861 1907 901 in

280 917 468 958 quaestione
491 915 530 946 de
552 926 727 947 numorum
744 915 849 956 patria
871 916 1041 957 permagni
1066 917 1221 949 momenti
1243 922 1309 955 est,
1349 914 1516 958 vulgarem
1538 917 1730 948 sententiam
1752 917 1799 948 ita
1823 927 1908 949 com-

281 972 428 1010 mendat,
463 978 497 1002 ut
519 972 550 1002 ei
572 971 723 1002 accedere
747 969 829 1002 nihil
851 969 1004 1010 dubitem.

407 1026 459 1058 De
482 1037 542 1058 sex
563 1026 783 1068 exemplorum
805 1027 839 1056 in
860 1024 976 1056 litteris
1000 1027 1168 1068 pingendis
1193 1028 1345 1058 varietate
1367 1027 1448 1058 haec
1470 1028 1671 1060 observanda
1693 1035 1778 1060 sunt.
1823 1030 1854 1061 Α
1876 1038 1908 1063 et

280 1083 308 1116 B
336 1082 486 1126 exempla
514 1089 590 1114 sunt
615 1084 758 1114 omnium
787 1082 997 1124 integerrima
1026 1089 1058 1113 et
1085 1081 1334 1126 elegantissima.
1378 1083 1415 1114 In
1437 1082 1463 1114 C
1486 1084 1558 1115 Ain
1578 1083 1674 1115 habet
1697 1085 1864 1118 caudulam
1889 1098 1908 1119 a

231 1157 240 1172 κ
280 1141 411 1172 sinistra
431 1139 486 1183 (ut
509 1138 569 1171 litt.
592 1138 622 1170 G
646 1150 666 1170 a
687 1139 820 1180 dextra)
845 1137 885 1169 of.
901 1149 974 1180 pag.
989 1141 1041 1170 40.
1057 1142 1096 1170 41
1108 1162 1118 1177 ,
1140 1140 1175 1170 in
1193 1137 1224 1170 D
1239 1146 1389 1181 punctum
1404 1140 1436 1171 in
1454 1140 1579 1179 medio,
1608 1148 1643 1171 ut
1656 1149 1751 1183 saepe
1768 1138 1907 1175 Graecoss

280 1208 353 1229 rum
375 1195 546 1228 Omicron:
570 1197 602 1227 in
628 1196 740 1227 eodem
764 1194 844 1227 Nun
863 1194 960 1226 habet
983 1196 1090 1226 nescio
1113 1196 1187 1238 qnid
1210 1207 1229 1226 a
1251 1196 1365 1227 dextra
1386 1204 1493 1238 parte,
1518 1197 1603 1238 quod
1625 1203 1730 1228 tamen
1756 1198 1904 1231 vitiosum

281 1254 416 1285 videtur.
462 1252 498 1284 In
520 1251 581 1283 litt.
603 1253 630 1283 E
653 1252 829 1283 notandum
853 1258 903 1282 est
924 1251 1014 1282 Mem
1036 1258 1153 1293 puncta
1176 1251 1298 1283 habens
1322 1263 1379 1294 pro
1401 1252 1507 1284 lineis
1520 1252 1583 1293 (cf.
1606 1252 1666 1284 Cit.
1685 1256 1743 1292 20,
1767 1254 1824 1286 lin.
1847 1255 1906 1298 1),

282 1316 315 1340 et
341 1309 424 1341 Cluet
450 1319 550 1351 prope
576 1309 732 1340 accedens
753 1309 793 1339 ad
819 1307 901 1339 Chet
925 1309 1100 1349 scripturae
1122 1309 1304 1350 quadratae.
1346 1308 1383 1340 In
1406 1307 1442 1341 F
1468 1315 1518 1340 est
1541 1308 1626 1358 idem
1653 1278 1752 1348 Cladi
1782 1311 1907 1354 reliqua

281 1365 436 1408 legitima.
481 1363 631 1396 Ceterum
655 1365 682 1396 E
707 1373 738 1396 et
759 1364 786 1395 F
806 1365 1028 1395 recentissima
1054 1362 1202 1406 exempla
1226 1375 1352 1396 censeo.

409 1425 439 1454 2.
481 1421 569 1453 Idem
586 1429 696 1463 typus,
720 1421 776 1452 sed
793 1420 900 1463 paullo
916 1419 1044 1462 plenior
1061 1420 1256 1463 epigraphe,
1280 1421 1389 1452 addito
1406 1420 1554 1461 articulo,
1577 1432 1670 1465 quem
1687 1433 1765 1454 sane
1782 1423 1907 1455 ferebat

283 1479 377 1510 huius
399 1479 538 1510 nominis
562 1479 681 1520 proprii
704 1478 801 1509 ratio:

971 1529 1116 1566 ΠΞΠὮΓΙ
1145 1528 1200 1564 Εἳ

359 1608 369 1613 “
409 1603 497 1636 Vide
519 1603 579 1635 litt.
598 1602 625 1635 G
649 1614 691 1635 ex
713 1603 828 1636 Museo
849 1603 1055 1642 Britannico,
1085 1602 1125 1634 cf.
1146 1604 1289 1635 eiusdem
1306 1604 1434 1646 generis
1450 1603 1598 1647 exempla
1613 1605 1697 1647 apud
1712 1603 1906 1637 Pellerinum

284 1660 340 1700 111,
358 1664 397 1693 88
413 1672 464 1691 no.
481 1664 512 1693 8.
535 1659 661 1692 Dutens
678 1661 754 1692 diss.
771 1663 790 1692 2
806 1659 869 1691 tab.
886 1662 905 1691 2
922 1670 974 1690 no.
989 1663 1018 1690 1.
1044 1658 1149 1700 Bayer
1166 1660 1216 1690 ed.
1226 1670 1325 1702 germ.
1342 1663 1358 1691 1
1378 1671 1429 1692 no.
1444 1665 1475 1692 4.
1498 1660 1646 1693 Mionnet
1662 1661 1725 1693 tab.
1737 1664 1777 1693 20
1793 1665 1906 1695 no.18.

411 1728 442 1757 3.
490 1716 596 1768 &aput
629 1725 785 1757 muliebre
815 1724 1013 1767 (Arethusa)
1050 1728 1207 1766 quattuor
1234 1725 1380 1767 piscibus
1416 1729 1555 1757 cinctum
1592 1726 1637 1757 ad
1677 1727 1829 1759 dextrum
1864 1727 1908 1766 al.

287 1781 395 1826 Caput
425 1781 581 1813 muliebre
611 1785 800 1813 ornamento
826 1781 976 1823 Phrygio
1006 1779 1051 1811 ad
1071 1783 1132 1811 em.
1170 1781 1195 1822 )(
1230 1780 1300 1813 Leo
1322 1782 1482 1824 gradiens
1504 1787 1582 1814 ame
1600 1784 1742 1825 palmam
1765 1784 1810 1815 ad
1830 1787 1905 1823 οὐκ,

284 1838 323 1869 al.
347 1843 447 1881 caput
469 1841 547 1881 equi
566 1838 612 1870 ad
635 1841 822 1876 sinistram,
855 1847 943 1880 pone
959 1838 1083 1879 palma.
1125 1835 1213 1867 Infra
1235 1837 1410 1879 epigraphe

517 1913 630 1950 mnu
661 1912 750 1947 Πρω
1096 1902 1239 1951 populi
1262 1903 1504 1940 Maelianath
1515 1904 1750 1953 (Panormi)
1759 1935 1769 1950 ,

285 1980 371 2022 quod
406 1979 579 2021 respondet
611 1978 804 2021 epigraphae
840 1987 975 2019 graecae
1014 1979 1341 2010 HANOPMITAN.
1397 1979 1483 2011 Vide
1523 1978 1583 2013 litt.
1616 1979 1648 2011 H
1678 1992 1720 2012 ex
1749 1981 1907 2013 Mionneti

285 2034 447 2077 exemplo,
477 2034 517 2067 T.
542 2035 557 2067 1
587 2047 616 2077 p.
640 2038 701 2066 268
725 2046 776 2066 no.
798 2036 860 2065 468
891 2032 955 2064 tab.
978 2036 1019 2064 20
1049 2046 1103 2067 no.
1127 2037 1184 2073 14,
1221 2036 1305 2078 quod
1335 2036 1466 2067 dederat
1493 2038 1589 2068 etiam
1613 2036 1818 2079 Barthelemy
1840 2037 1861 2070 l.
1882 2050 1909 2070 c.

286 2102 338 2123 no.
360 2094 391 2124 9.
433 2091 533 2124 Aliud
556 2093 588 2123 in
609 2091 767 2133 Hispania
791 2096 990 2122 asservatum
1012 2092 1171 2132 expressit
1194 2090 1302 2132 Bayer
1324 2093 1374 2124 ed.
1398 2103 1500 2135 germ.
1525 2104 1578 2124 no.
1600 2097 1618 2125 5
1643 2095 1697 2137 (in
1723 2105 1786 2137 quo
1805 2096 1909 2137 prima

286 2167 392 2200 littera
415 2179 479 2200 non
503 2169 581 2200 satis
602 2169 768 2210 perspicua
789 2174 837 2198 est
859 2174 890 2197 et
912 2155 988 2195 «ἡ
1009 2168 1094 2209 picta
1117 2174 1166 2199 est
1188 2179 1244 2211 pro
1277 2158 1350 2210 ιΙΊ
1379 2192 1388 2208 ,
1429 2169 1471 2202 cf.
1493 2171 1590 2201 inscr.
1609 2168 1738 2202 Numid.
1753 2175 1768 2202 1
1791 2170 1845 2203 lin.
1861 2173 1906 2212 4),

286 2252 318 2276 et
335 2245 464 2277 tertium
486 2244 703 2287 Lindbergius
726 2254 767 2276 ex
790 2242 905 2275 Museo
928 2242 1030 2286 Regio
1045 2243 1172 2275 Daniae
1189 2238 1253 2277 tab.
1269 2243 1330 2283 IV,
1346 2247 1376 2276 9.
1420 2245 1506 2278 Tum
1522 2247 1555 2278 in
1569 2245 1718 2288 exemplo
1736 2246 1907 2278 Parisiensi

288 2320 353 2347 tuin
382 2314 416 2344 in
446 2312 627 2345 Hauniensi
658 2313 719 2354 (ex
746 2320 815 2353 quo'
838 2310 900 2343 hoc
928 2312 1022 2344 modo
1054 2314 1161 2354 pinxit
1182 2310 1399 2354 Lindbergius
1438 2304 1536 2364 ¹⁴7)
1575 2315 1677 2356 prima
1707 2312 1813 2344 littera
1843 2321 1905 2344 tam

289 2379 492 2413 manifestum
507 2387 557 2412 est
572 2379 691 2418 Scho'u,
714 2387 749 2410 ut
763 2389 857 2410 nemo
872 2390 943 2411 eam
967 2389 1029 2412 non
1045 2390 1220 2422 agnoscere
1244 2380 1361 2422 possit,
1384 2391 1479 2422 quam
1496 2383 1550 2424 qui
1571 2383 1602 2412 in
1628 2380 1907 2423 palaeographicis

291 2435 382 2478 plane
404 2439 570 2469 caecutiat.
614 2435 710 2474 Quod
732 2435 976 2477 Barthelemyus
998 2442 1030 2467 et
1053 2436 1200 2478 Bayerns·
1218 2447 1288 2468 eam
1308 2437 1368 2472 'He
1392 2448 1463 2469 esse
1483 2440 1685 2477 existimant,
1713 2438 1744 2468 id
1767 2448 1807 2467 ex
1832 2444 1907 2466 noto

291 2490 506 2535 Barthelemyi
528 2504 637 2525 errore
660 2493 778 2535 pendet
800 2492 840 2524 ab
862 2494 935 2535 ipso
957 2499 1068 2535 postea
1084 2500 1247 2532 correcto,
1273 2503 1336 2535 quo
1358 2493 1447 2525 illam
1464 2493 1601 2526 litteram
1619 2495 1674 2526 He
1691 2504 1761 2524 esse
1778 2491 1908 2534 putabat

292 2549 383 2590 (pag.
403 2551 453 2581 15.
468 2552 548 2590 95),
576 2557 611 2581 nt
633 2551 758 2581 mireris
780 2549 859 2581 haec
877 2551 1103 2591 repetita-esse
1128 2560 1147 2581 a
1161 2550 1360 2593 Lindbergio
1384 2551 1432 2592 (p.
1450 2551 1529 2591 1⁰7):
1560 2550 1706 2592 Koppius
1725 2559 1794 2579 eam
1819 2547 1907 2579 Mem

292 2604 441 2646 putabat,
479 2606 562 2647 quod
593 2608 695 2648 magis
725 2606 892 2638 ferendum
913 2613 980 2645 est,
1012 2617 1191 2649 quanquam
1213 2606 1265 2638 hic
1289 2607 1466 2638 breviorem
1485 2608 1618 2638 caudam
1643 2604 1828 2647 neglexerat
1852 2598 1906 2644 (ef.

1507 2667 1546 2696 37
