2242 2976
366 297 418 334 44
481 295 612 329 LIBER
635 293 808 328 PRIMUS.
851 291 1226 325 PALAEOGRAPHIA
1250 290 1504 325 PHOENICIA.
1544 291 1699 327 cApU'l'-
1721 292 1938 327 TERTIUM.

540 389 624 428 „Ex
646 387 724 431 figg.
748 392 779 419 2.
794 390 814 419 3
837 393 942 418 ortum
963 393 1013 418 est
1032 386 1128 429 Koph
1153 387 1446 427 Samaritanorum,
1469 397 1566 430 scapo
1589 389 1808 420 sinistrorsum
1819 387 1926 420 flexo:
1947 399 1989 420 ex

453 447 599 486 „iisdem
628 444 741 487 figuris
770 444 905 486 integris
933 445 1047 482 etiam,
1087 445 1119 475 ni
1149 443 1262 483 fallor,
1292 444 1410 487 Koppa
1439 444 1635 479 Graecorum
1658 450 1691 475 et
1713 447 1757 490 Φ
1785 443 1989 487 Aethiopum.

454 505 533 546 „Ad
561 504 681 547 figuras
710 511 816 536 autem
843 503 1047 546 imperfectas
1074 510 1107 534 et
1134 503 1309 536 defectivas
1343 515 1395 536 no.
1423 507 1453 537 7.
1481 507 1511 537 8.
1541 507 1582 537 10
1609 513 1708 547 prope
1737 504 1893 536 accedunt
1920 515 1989 542 eae,

454 562 599 605 „quibus
626 560 770 592 Hebraei
801 567 926 592 veteres
957 567 989 592 et
1021 559 1169 592 Aramaei
1191 561 1225 592 in
1248 560 1396 604 Aegypto
1418 560 1608 600 utebantur,
1639 571 1683 593 ex
1702 560 1818 604 quibua
1840 566 1944 593 ortum
1968 569 1989 603 p

456 619 662 659 „scripturae
684 618 866 659 quadratae.

543 672 611 712 „In
635 675 791 716 scriptura
814 672 1003 714 Palmyrena
1026 672 1142 705 collum
1166 673 1260 716 plane
1283 681 1479 718 amputatum
1502 681 1569 713 est,
1605 681 1640 705 ut
1670 672 1753 706 nihil
1782 673 1846 708 nisi
1869 673 1993 716 occiput

457 729 642 772 „reliquum
665 732 751 762 sit.⁴‘

1123 827 1153 866 §-
1189 829 1241 859 31.

928 894 1123 926 Rerclt
1173 896 1424 928 littera.

483 969 618 1003 .Plenae
641 976 673 1001 et
694 969 858 1013 legitimae
881 970 976 1003 innius
1000 963 1145 1011 litterae,
1174 972 1265 1003 cuius
1282 982 1397 1004 nomen
1421 974 1509 1014 (ιβ-ιη
1525 985 1565 1001 =
1581 970 1677 1014 mee-q)
1701 975 1800 1014 caput
1823 967 1994 1014 siguificat,

371 1027 493 1059 formae
522 1025 583 1058 hae
614 1033 704 1058 sunt:

582 1083 640 1228 Z
736 1086 809 1219 4
976 1086 986 1103 Ι
1013 1112 1053 1223 4
1143 1085 1155 1099 Α
1334 1085 1345 1101 ⁵
1488 1085 1501 1101 ὓ
1595 1086 1604 1102 Ὶ
1698 1085 1768 1222 q

374 1247 400 1267 v.
418 1239 515 1279 prim.
539 1242 571 1267 et
593 1246 656 1268 rec.
682 1246 763 1279 quae
785 1234 855 1268 sola
879 1234 954 1267 colli
975 1234 1176 1278 longitudine
1198 1235 1353 1268 differunt
1374 1234 1476 1268 Melit.
1499 1239 1531 1275 2,
1554 1239 1581 1268 1.
1602 1239 1632 1268 3.
1653 1241 1682 1268 4.
1712 1236 1805 1269 Sard.
1830 1239 1860 1269 3.
1884 1223 2003 1268 Carth.¹

374 1296 389 1324 1
403 1295 480 1324 -3.
502 1295 520 1324 5
544 1291 670 1335 ubique.
700 1295 731 1331 8,
757 1295 784 1324 1.
807 1295 838 1325 2.
860 1290 979 1334 Tngg.‚
1011 1302 1096 1323 num.
1121 1291 1199 1333 Tyr.
1222 1290 1262 1324 A.
1285 1291 1323 1323 Β.
1358 1291 1426 1325 sid.
1449 1291 1488 1324 U.
1517 1283 1658 1324 Man-ath.
1680 1292 1721 1324 H.
1742 1293 1769 1325 1.
1798 1291 1928 1325 Heracl.
1952 1291 1995 1325 Α.

373 1348 454 1381 Gad.
476 1347 516 1380 G.
544 1353 625 1381 tert.
649 1347 755 1391 Tugg.
779 1358 821 1380 ex
840 1358 950 1391 apogr.
973 1347 1183 1391 Templiano;
1206 1353 1315 1390 quart.
1339 1347 1403 1380 Cit.
1420 1351 1472 1387 10,
1491 1352 1520 1380 1.
1533 1352 1564 1381 2.
1587 1351 1639 1388 23,
1654 1353 1696 1388 4,
1728 1353 1891 1392 quintam,
1913 1358 1996 1392 quae

372 1406 514 1438 omnium
530 1406 624 1447 longe
638 1404 897 1447 frequentissima
910 1411 978 1443 est,
1002 1403 1106 1436 Melit.
1127 1408 1158 1443 1,
1176 1408 1191 1436 1
1203 1407 1284 1437 -3.
1305 1403 1424 1436 Athen.
1446 1408 1474 1437 1.
1489 1408 1517 1437 2.
1534 1407 1566 1438 3.
1590 1403 1650 1438 Cit.
1665 1407 1697 1444 3,
1715 1409 1744 1438 1.
1763 1409 1906 1445 3.-11,
1920 1409 1950 1438 1.
1964 1407 1997 1439 3.

375 1464 426 1500 13,
445 1465 472 1493 1.
498 1463 549 1499 15,
565 1465 597 1492 4.
620 1465 673 1499 22,
686 1465 715 1492 2.
739 1464 791 1500 24,
809 1464 838 1494 1.
861 1463 913 1500 33,
927 1463 956 1493 ⁵.
972 1461 1065 1502 Eryc.
1082 1460 1215 1493 Marsal.
1229 1471 1315 1494 vaso.
1330 1460 1480 1493 Panorm.
1496 1460 1620 1503 Tripol.
1636 1465 1667 1500 2,
1686 1465 1714 1494 1.
1727 1465 1759 1493 4.
1773 1461 1908 1494 Numid.
1917 1463 1953 1500 7,
1963 1464 1994 1495 1.

373 1528 459 1550 nuru.
482 1516 562 1557 Tyr.
587 1515 625 1549 C.
645 1516 684 1548 D.
711 1516 748 1549 F.
776 1517 843 1548 Sid.
866 1516 920 1548 W.
944 1517 990 1548 X.
1018 1516 1157 1549 Marath.
1179 1527 1310 1555 omnes,
1341 1516 1453 1557 Syrac.
1474 1517 1516 1550 A.
1538 1516 1576 1549 B.
1601 1517 1636 1551 G.
1665 1517 1812 1550 Panorm.
1829 1517 1869 1550 L.
1891 1516 1996 1565 Gadit.

359 1571 498 1603 *A—E.
529 1571 649 1603 I—M.
679 1571 829 1603 Sabrath.
864 1577 952 1604 sext.
974 1570 1104 1604 Numid.
1128 1574 1159 1611 5,
1182 1576 1210 1604 1.
1242 1577 1321 1615 sept.
1347 1572 1407 1605 Cit.
1432 1576 1461 1612 1,
1487 1576 1516 1605 3.
1546 1576 1578 1612 7,
1603 1578 1633 1606 2.
1657 1577 1707 1612 17,
1728 1577 1759 1605 2.
1782 1577 1835 1613 24,
1855 1577 1884 1606 2.
1930 1577 1996 1607 oct.

375 1628 467 1660 Sard.
485 1632 524 1667 1,
556 1635 590 1659 ut
609 1628 745 1660 artificia
768 1628 923 1671 quaedam
944 1627 1097 1671 lususque
1119 1628 1364 1672 calligraphicos
1381 1636 1560 1669 taceamus,
1598 1629 1686 1661 velut
1708 1631 1740 1661 in
1765 1630 1874 1671 Syrac.
1897 1629 1938 1662 A.
1955 1629 1996 1662 B.

501 1692 624 1725 Vident
646 1692 801 1732 lectores,
825 1692 908 1724 hanc
929 1691 1067 1725 litteram
1090 1693 1225 1726 eandem
1247 1693 1365 1726 offerre
1385 1695 1419 1725 in
1442 1694 1600 1736 capitibus
1615 1695 1784 1737 pingendis
1797 1695 1995 1735 varietatem,

377 1760 471 1792 quam
486 1759 584 1791 supra
596 1750 629 1781 in
640 1748 723 1781 Beth
737 1756 770 1781 et
783 1748 901 1782 Daleth
919 1748 1174 1789 observavimus,
1195 1760 1376 1792 quanquam
1389 1751 1424 1782 in
1440 1750 1501 1782 hac
1514 1750 1655 1783 dubitari
1670 1757 1783 1792 potest,
1806 1758 1879 1783 ntra
1893 1750 1998 1789 forma

375 1807 535 1848 antiquior
556 1813 588 1837 et
610 1807 718 1853 natiys
739 1807 792 1844 sit,
814 1804 1020 1848 triangularis
1043 1816 1083 1837 an
1101 1806 1249 1838 rotunda.
1294 1805 1332 1838 Iu
1348 1805 1414 1838 illis
1433 1810 1520 1839 enim
1535 1806 1639 1839 forma
1655 1805 1862 1850 triangularis
1878 1797 1997 1840 iccirco

376 1863 492 1904 origini
521 1863 649 1904 propior
683 1861 869 1901 videbatur,
900 1862 983 1904 quod
1013 1861 1087 1894 talis
1109 1861 1215 1905 figura
1237 1861 1353 1895 melius
1374 1874 1446 1894 cum
1470 1866 1611 1895 tentorii
1630 1870 1662 1895 et
1679 1867 1803 1906 portae
1824 1862 1996 1905 (tentorii)

375 1919 515 1960 imagine
544 1918 741 1961 congruebat
762 1919 806 1960 (ᾗ.
825 1920 873 1951 13.
890 1918 967 1959 15);
999 1919 1033 1953 in
1055 1918 1118 1950 hnc
1139 1925 1249 1951 contra
1271 1917 1342 1951 sola
1362 1918 1466 1951 forma
1491 1919 1630 1951 rotunda
1656 1920 1730 1960 (no.
1752 1922 1782 1951 5.
1799 1919 1842 1960 6)
1874 1922 1996 1961 capitis

375 1975 549 2017 imaginem
577 1974 686 2007 refert.
734 1975 884 2007 Fortasse
914 1975 1012 2017 igitur
1042 1974 1122 2007 haec
1152 1982 1187 2007 ut
1215 1977 1359 2008 omnium
1380 1974 1637 2018 frequentissima
1657 1975 1703 2007 ita
1724 1976 1821 2006 etiam
1844 1975 1997 2017 antiquis·

376 2032 459 2066 sima
480 2037 529 2062 est
550 2037 582 2062 et
602 2033 726 2070 nativa,
757 2042 800 2063 ex
823 2042 886 2074 qua
907 2030 1051 2073 reliquae
1074 2032 1114 2063 ad
1136 2030 1318 2074 exemplum
1338 2030 1492 2063 similium
1513 2029 1692 2066 litterarum
1714 2029 1799 2063 Beth
1822 2037 1854 2062 et
1872 2029 1994 2063 Daleth

378 2087 595 2120 conformatae
624 2095 713 2120 sunt:
742 2099 920 2131 quanquam
943 2088 976 2119 in
1001 2087 1119 2120 talibus
1140 2099 1232 2120 suum
1253 2089 1388 2132 quisque
1410 2088 1561 2119 iudicium
1580 2093 1738 2130 sequatur.

503 2142 554 2174 De
575 2142 719 2186 legitimo
743 2143 866 2182 Resch‚
898 2143 981 2175 Beth
1005 2151 1038 2175 et
1060 2143 1177 2176 Daleth
1201 2145 1385 2176 discrimine
1407 2145 1471 2175 iam
1493 2154 1594 2186 supra
1610 2144 1651 2175 ad
1666 2143 1724 2175 has
1738 2142 1862 2176 litteras
1875 2143 1995 2179 dictum

377 2205 427 2232 est
449 2199 498 2240 (5.
517 2201 567 2231 13.
584 2200 655 2240 15).
698 2200 763 2232 Sed
787 2211 850 2232 non
874 2201 955 2233 adeo
976 2199 1082 2232 facilis
1101 2208 1151 2233 est
1165 2200 1279 2233 harum
1293 2200 1471 2232 litterarum
1483 2222 1492 2239 ,
1515 2201 1684 2242 praecipue
1698 2198 1804 2231 Resch
1817 2206 1851 2230 et
1862 2198 1994 2239 Daleth‚

377 2256 556 2287 distinctio:
592 2257 778 2297 praesertim
810 2256 865 2288 ubi
901 2268 965 2288 non
994 2267 1037 2288 ex
1065 2258 1145 2299 ipsis
1181 2257 1416 2296 monumentis,
1458 2256 1516 2288 sed
1546 2267 1589 2288 ex
1617 2255 1810 2298 apographis
1839 2255 1995 2287 iudicium

378 2311 546 2344 ferendum
559 2317 618 2349 est,
633 2318 667 2343 ut
682 2313 714 2343 in
728 2304 988 2354 inscriptionibus
1003 2311 1133 2345 Citieis:
1150 2323 1252 2355 neque
1269 2313 1380 2356 negari
1394 2318 1509 2355 potest,
1525 2309 1641 2344 collum
1655 2310 1759 2343 Resch
1775 2310 1901 2343 litterae
1915 2322 1997 2344 non-

378 2379 540 2413 nunquam
563 2368 691 2400 brevius
713 2378 784 2399 esse
808 2369 856 2409 (v.
881 2368 959 2409 Tyr.
983 2368 1064 2411 N.),
1089 2370 1231 2412 adeoque
1246 2369 1419 2408 inflexum,
1442 2376 1478 2400 ut
1493 2368 1576 2400 Beth
1594 2369 1694 2400 videri
1706 2369 1810 2411 possit
1830 2368 1880 2410 (v.
1892 2367 1996 2400 Melit.

378 2428 410 2463 4,
432 2427 462 2456 2.
493 2423 604 2456 Sidon.
629 2423 663 2455 V
683 2422 740 2456 lin.
755 2426 792 2464 4,
820 2423 960 2456 Marath.
985 2425 1018 2457 C.
1051 2425 1198 2458 Panorm.
1220 2425 1253 2458 K
1281 2426 1321 2458 ef.
1337 2424 1432 2467 Kopp
1447 2423 1490 2464 11,
1503 2436 1537 2467 p.
1553 2424 1651 2466 202):
1683 2425 1728 2456 ita
1749 2431 1784 2456 ut
1803 2425 1837 2456 in
1857 2422 1995 2467 legendo

380 2492 444 2513 non
467 2480 537 2512 sola
558 2480 683 2512 litterae
705 2479 810 2523 figura
831 2481 1011 2520 metienda,
1054 2482 1111 2513 sed
1133 2481 1303 2514 verborum
1326 2483 1421 2513 etiarn
1444 2488 1476 2513 et
1496 2472 1777 2513 sententiae³ratio
1801 2479 1998 2513 consulenda

380 2539 431 2569 sit.
461 2536 550 2569 Duas
566 2544 731 2579 praeterea
746 2536 825 2569 alias
839 2537 956 2568 addere
971 2536 1073 2579 placet
1087 2537 1225 2580 regulas,
1242 2548 1284 2570 ex
1298 2537 1413 2581 quibus
1426 2537 1506 2569 illud
1522 2538 1691 2569 discrimen
1707 2537 1843 2570 subinde
1861 2537 1997 2570 iudicari

380 2600 495 2634 potest.
546 2592 594 2625 Ac
618 2597 755 2636 primum
777 2592 881 2625 Resch
911 2592 993 2625 solet
1022 2594 1152 2625 maioris
1181 2592 1304 2625 moduli
1331 2605 1423 2633 esse,
1459 2592 1577 2626 Daleth
1610 2594 1763 2633 minoris,
1802 2605 1831 2625 v.
1865 2603 1931 2628 ’ἾΊΠ
1961 2594 1996 2629 in

383 2649 483 2681 Melit.
509 2653 539 2689 2,
564 2653 601 2689 1,
635 2659 695 2686 *372
717 2651 750 2682 in
773 2651 878 2682 numis
901 2649 1024 2690 Gadis,
1054 2650 1132 2682 dein
1150 2649 1255 2682 Resch
1289 2650 1404 2692 (caput
1424 2660 1496 2682 cum
1517 2648 1601 2681 collo
1623 2650 1885 2693 repraesentans)
1914 2648 1998 2683 solet
