2242 2976
270 259 609 295 PSEUDOPHOEN.
624 259 685 294 ΕΤ
702 259 871 294 SPURIA.
892 260 1264 295 LXXVII—LXXIX.
1280 260 1435 295 CYREN.
1455 260 1516 295 ET
1529 261 1802 295 ATLANTICA.
1826 263 1901 300 247

995 355 1176 388 LXXVII.

398 430 435 462 In
465 432 642 473 scripturae
666 430 860 463 Phoeniciae
882 434 1099 464 monumentis
1122 433 1283 464 recenseri
1305 433 1402 465 etiam
1431 431 1534 465 solent
1557 431 1729 472 nonnulla,
1759 444 1838 475 quae
1859 434 1899 465 ad

272 490 529 529 antc'qut'uimam
553 489 695 520 Pern'ae
717 492 914 530 scripturam
935 490 1109 530 pertinent,
1137 489 1176 520 de
1197 500 1259 532 qua
1282 500 1381 532 supra
1404 490 1544 521 diximus
1559 488 1616 521 lib.
1634 493 1649 520 1
1667 491 1697 528 §-
1712 492 1764 522 50.
1794 489 1830 520 ln
1846 488 1898 521 his

270 551 345 575 sunt
366 551 492 586 praeter
514 555 628 577 numos
652 552 793 576 veterum
817 544 986 576 Persarum
1009 551 1041 576 et
1063 544 1163 577 Asiae
1187 546 1322 578 minoris
1340 547 1389 586 (5.
1407 548 1458 584 50,
1482 556 1534 577 no.
1553 546 1581 576 1.
1599 549 1629 577 2.
1644 546 1686 587 4)
1710 549 1899 588 inscriptio·

270 611 328 632 nee
350 601 503 642 quaedam
526 601 559 631 in
582 599 736 632 lateribus
757 600 945 642 Babyloniis
966 609 1124 643 repertae..
1170 601 1222 633 De
1243 602 1365 634 duabus
1386 601 1570 646 huiusmodi
1593 602 1795 645 epigraphis,
1817 612 1899 645 quae

270 664 436 688 cuneatam
472 658 663 699 scripturam
696 658 786 688 iuxta
825 668 861 688 se
893 656 1011 689 habent
1038 666 1069 689 et
1101 656 1203 701 netjue
1232 658 1427 690 phoeniciae
1458 670 1560 700 neque
1591 658 1810 700 Babylonicae
1842 659 1899 690 sed

269 712 417 744 Persicae
440 720 515 745 sunt
536 712 623 755 (tab.
647 715 682 744 31
711 724 762 744 no-
785 713 965 752 LXXVII,
990 726 1021 746 a.
1038 726 1088 746 aa.
1106 713 1126 745 b
1140 716 1171 753 )‚
1202 716 1264 746 iam
1286 715 1427 747 diximus
1446 714 1467 746 l.
1484 726 1510 745 c.
1532 726 1559 756 p.
1577 717 1618 746 74
1641 726 1708 756 sqq.
1754 714 1899 746 Tertiam

270 769 447 810 quandam,
487 780 579 811 quam
612 776 686 811 post
708 769 879 811 Hagerum
910 770 960 811 (v.
985 770 1142 812 Klaproth
1167 772 1258 802 asiat.
1287 770 1439 814 Magazin
1470 771 1531 803 tub.
1553 771 1592 812 4)
1632 771 1778 813 Koppius
1813 772 1901 802 dedit

270 825 408 866 (Ba‘lder
435 826 503 857 und
526 824 618 857 Schr.
641 826 673 857 lt
699 837 727 867 p.
747 826 829 867 152)
859 835 890 858 et
919 826 1360 868 Babylonico-Phoeniciam
1384 834 1510 866 censet,
1548 827 1668 858 ibidem
1693 828 1898 869 repetivimus

269 881 354 923 (tab.
370 885 422 919 32,
445 893 496 913 no.
513 882 688 921 LXXVII,
706 883 741 923 c)
764 893 802 913 eo
825 882 896 914 solo
920 882 1073 921 consilio,
1108 889 1142 915 ut
1160 882 1378 926 intelligerent
1397 883 1589 915 Phoeniciae
1605 885 1780 925 scripturae
1795 884 1898 926 gnari,

269 948 307 968 ea
330 938 424 979 signa
442 939 482 969 ad
506 938 567 970 hoc
590 938 787 970 litteraturae
812 949 914 981 genus
935 939 1047 970 referri
1071 950 1137 971 non
1158 950 1263 982 posse.

868 1041 1054 1073 LXXVIII
1080 1049 1113 1073 et
1132 1042 1296 1074 LXXIX.

306 1086 696 1151 GXRENAICA
740 1108 823 1141 ΕΤ
861 1108 1260 1142 ATLANTICA
1307 1109 1864 1142 INSCRIPTIONES.

399 1196 427 1225 1.
474 1193 648 1236 Utriusque
670 1193 766 1225 huius
790 1195 986 1225 monumenti
1010 1194 1050 1225 ab
1076 1196 1189 1238 iisdem
1213 1195 1398 1227 hominibus
1415 1197 1571 1238 suppositi
1584 1195 1751 1227 historiam
1765 1197 1897 1227 iunctim

270 1257 301 1281 et
316 1251 466 1281 continua
479 1252 563 1282 serie
581 1262 711 1282 narrare
734 1249 847 1293 placet,
865 1262 927 1293 quo
944 1250 1071 1282 facilius
1088 1252 1266 1295 certiusque
1283 1253 1326 1283 sit
1344 1253 1495 1283 iudicium
1512 1253 1551 1283 de
1567 1263 1643 1283 vera
1659 1263 1767 1283 earum
1786 1259 1898 1283 natura

270 1305 460 1337 faciendum.
503 1306 587 1338 Ante
611 1306 670 1338 hos
693 1308 790 1349 igitur
812 1307 978 1338 duodecim
994 1318 1096 1339 annos
1113 1309 1248 1350 primum
1268 1307 1381 1340 Melita
1398 1308 1540 1340 Parisios
1557 1309 1706 1346 missum,
1731 1309 1807 1339 inde
1821 1317 1898 1339 mox

271 1373 341 1394 cum
372 1361 509 1393 aliarum
539 1369 695 1394 terrarum
725 1364 827 1394 doctis
859 1363 1043 1395 hominibus
1075 1365 1341 1396 communicatum
1372 1372 1420 1396 est
1454 1364 1671 1407 apographum
1703 1367 1901 1395 monumenti

271 1418 430 1461 bilinguis
451 1418 781 1461 Phoenicio-graeci
801 1421 832 1451 in
857 1421 1021 1461 parietinis
1045 1420 1262 1461 Cyrenarum,
1297 1428 1331 1452 ut
1354 1421 1536 1459 serebatur,
1568 1422 1685 1462 reperti
1708 1426 1740 1451 et
1765 1418 1897 1451 Melitae

269 1476 387 1506 servati
423 1476 506 1517 apud
541 1483 737 1518 geometram
775 1476 932 1518 quendam
968 1475 1139 1508 militarem
1177 1476 1336 1509 Gallicum
1355 1501 1363 1516 ‚
1407 1479 1457 1508 cui
1493 1477 1550 1520 (ut
1583 1466 1696 1519 postea
1732 1477 1897 1515 innotuit)

270 1530 459 1574 Grongneto
483 1542 598 1563 nomen
624 1538 708 1570 erat,
740 1543 780 1563 ex
805 1543 844 1563 eo
868 1533 980 1563 ordine
1006 1534 1057 1563 cui
1080 1533 1119 1564 de
1142 1535 1273 1575 ingenio
1297 1545 1412 1565 nomen
1437 1534 1591 1572 inditum,
1615 1534 1704 1564 cuins
1726 1532 1807 1563 haec
1829 1531 1897 1562 sere

269 1589 351 1620 ratio
381 1595 430 1619 est
466 1589 574 1630 (piget
592 1579 689 1619 ¹enim
717 1587 916 1626 adulterino,
954 1595 988 1620 ut
1011 1600 1086 1620 mox
1111 1589 1309 1628 videbimus,
1351 1590 1417 1621 fetu
1446 1597 1588 1621 nostram
1618 1595 1896 1620 monumentorum

270 1643 491 1676 collectionem
515 1645 763 1686 contaminare).
808 1645 912 1687 Supra
934 1652 1008 1676 sunt
1033 1645 1226 1676 Phoeniciae
1249 1644 1373 1678 litterae
1397 1647 1553 1688 quinque,
1583 1657 1661 1688 quas
1684 1646 1723 1677 de
1739 1645 1898 1676 sententia

270 1702 410 1732 auctoris
425 1705 515 1747 mire}
531 1700 658 1733 Jelcova
672 1700 826 1744 legendas
849 1712 939 1740 esse,
963 1713 1004 1733 ex
1028 1700 1205 1733 litterarum
1228 1701 1336 1734 tabula
1360 1700 1596 1741 intelleximus,
1622 1713 1701 1744 quae
1715 1701 1897 1732 Atlanticae

269 1758 470 1799 inscriptioni
492 1758 599 1788 addita
622 1765 680 1788 est.
726 1757 810 1788 Tum
834 1769 945 1789 currus
968 1756 1070 1788 alatus
1095 1757 1288 1790 draconibus
1311 1760 1437 1790 iunctus
1455 1758 1578 1790 duabus
1594 1758 1695 1789 taedis
1709 1756 1897 1807 ardentibus

271 1814 416 1850 insertis,
446 1814 479 1844 in
504 1814 630 1845 modum
655 1814 829 1855 insignium
852 1813 1090 1845 Eleusiniarum
1113 1816 1181 1846 sive
1206 1814 1406 1852 Cerealium3
1430 1815 1489 1846 sub
1513 1826 1606 1847 curru
1630 1813 1748 1857 legitur
1765 1822 1896 1856 graece:

272 1950 365 1976 «ptam,
383 1945 411 1966 ut
426 1942 521 1973 fertur,
541 1941 608 1967 169³
623 1939 652 1965 in
665 1944 759 1966 vetere
769 1941 894 1974 sepulcro
909 1940 1048 1967 Meliteusi

270 1994 403 2024 repertam
415 1993 475 2023 post
489 1990 563 2015 Am·-
581 1990 770 2015 Buzuroxnm
789 1989 881 2022 (epist.
900 1990 1047 2015 memorab.

270 2039 334 2065 Vol.
345 2039 385 2065 lv
395 2048 422 2072 p.
431 2037 495 2071 117)
515 2038 648 2063 dederunt
658 2041 727 2063 Acta
741 2039 894 2063 eruditorum
905 2040 1048 2071 Lipsiensis:

271 2087 333 2113 anni
349 2088 415 2114 1695
434 2095 460 2120 p.
471 2086 523 2119 48,
541 2086 712 2118 ,ΜοηΙῙωιοονι
726 2086 754 2112 iu
767 2087 897 2120 Antiquite'
916 2087 1048 2121 expliqube

270 2136 334 2163 Vol.
344 2136 368 2161 tl
386 2136 432 2161 lib.
443 2138 456 2160 1
471 2144 495 2161 c.
506 2136 548 2168 19,
567 2139 594 2161 et
613 2137 736 2161 castellus
751 2135 769 2160 l.
781 2143 805 2160 c.
824 2136 919 2168 p.299,
939 2139 965 2161 et
982 2143 1049 2161 con·

270 2189 312 2211 tra
331 2184 576 2211 Montetatconium
588 2204 597 2216 ,
622 2183 667 2217 qni
685 2183 880 2218 Aegyptiacum
902 2183 930 2208 id
952 2190 1048 2209 monu-

271 2238 388 2260 mentum
405 2234 550 2265 cen-ebat,
573 2232 735 2258 Plioenioiae
753 2232 894 2258 vindicare
911 2233 969 2258 vult
982 2232 1048 2257 Bel-

271 2283 424 2309 lei-mannus
451 2281 546 2315 (inscr.
569 2282 666 2314 phoen.
690 2289 751 2316 pag.
775 2279 842 2313 17),
871 2280 913 2306 his
938 2280 1047 2306 verbis:

272 2331 382 2365 „Quum
394 2331 484 2364 plures
497 2329 626 2365 imagines
639 2334 666 2355 et
678 2329 779 2365 figurae
791 2338 815 2355 e.
831 2337 870 2363 gr.
885 2329 972 2362 pisces
986 2338 1048 2364 gra-

271 2378 375 2405 dientes
385 2377 515 2414 (Dagon)
525 2397 534 2411 ,
552 2378 605 2405 viri
620 2378 726 2404 cornuti
739 2378 871 2411 (Moloch
885 2382 912 2403 et
924 2377 1047 2404 Milcomi

273 2426 459 2460 sacerdotes),
483 2427 598 2454 iuvenes
611 2426 672 2452 alati
689 2431 715 2452 et
732 2426 760 2452 in
776 2427 876 2460 piscem
893 2426 1047 2452 desinentes

273 2475 411 2510 (Dsgonis
437 2475 541 2502 Phoen.
572 2474 756 2507 sacerdotes),
792 2483 844 2500 nec
876 2482 932 2500 non
958 2477 1047 2500 literae

273 2524 421 2550 matutae
438 2524 567 2559 originem
583 2523 756 2550 Phoenicium
771 2523 904 2556 indicent,
927 2532 992 2557 quas
1011 2524 1046 2550 ob

273 2580 367 2598 causus
377 2572 605 2599 Montesulconius
626 2574 679 2600 hoc
699 2577 901 2599 monumentum
919 2573 1046 2608 Aegypto

273 2623 351 2655 quam
364 2621 523 2647 Plroeniciae
536 2622 671 2657 assignare
688 2622 820 2655 maluerit,
840 2629 894 2647 non
909 2630 1044 2656 assequor.

1118 1943 1220 1966 Literae
1242 1947 1298 1966 sunt
1321 1943 1487 1975 ΡΙιοεηιί-ίιιε,
1520 1941 1584 1968 licet
1601 1946 1655 1967 tres
1682 1941 1727 1968 vel
1748 1945 1861 1975 quatuor
1882 1949 1896 1965 a

1117 1990 1203 2015 forma
1221 1990 1325 2025 vulgari
1342 1990 1501 2016 recedant.“
1537 1990 1643 2016 Utinam
1657 1990 1702 2016 vir
1717 1991 1783 2015 Rev-
1804 1993 1896 2015 osten-

1118 2039 1215 2071 disset,
1241 2039 1288 2064 ubi
1308 2043 1445 2072 praeterea
1465 2038 1617 2073 huiusmodi
1637 2038 1742 2064 litterae
1760 2038 1788 2064 in
1799 2028 1897 2064 monu-

1118 2087 1214 2113 mentis
1225 2096 1292 2113 vere
1309 2087 1463 2113 Phoeniciis
1480 2091 1676 2121 comparerent,
1695 2091 1722 2113 et
1736 2095 1788 2121 qua
1801 2091 1896 2112 aucto—

1118 2136 1196 2162 ritate
1226 2140 1393 2162 monstrosae
1424 2135 1486 2162 illae
1518 2136 1620 2171 figurae
1654 2135 1705 2168 ita,
1739 2140 1769 2161 ut
1799 2136 1833 2160 ab
1862 2142 1896 2160 eo

1118 2185 1233 2215 sactum,
1261 2184 1391 2218 explicari
1409 2188 1529 2218 possent.
1566 2178 1695 2218 Equidem
1713 2184 1814 2213 fateor,
1834 2183 1896 2209 lite—

1117 2242 1205 2258 rarum
1227 2234 1324 2267 figuras
1342 2232 1408 2258 mihi
1428 2233 1579 2269 incognitas
1599 2241 1661 2259 esse
1687 2237 1714 2259 et
1736 2231 1895 2258 Phoenicius

1118 2282 1194 2307 nullo
1220 2282 1303 2307 ruodo
1328 2281 1432 2314 videri,
1469 2282 1521 2308 nisi
1546 2282 1620 2308 forte
1647 2289 1824 2315 quaecunque
1842 2279 1895 2314 legi

1117 2334 1254 2363 nequeunt
1285 2330 1431 2357 Phoenicia
1464 2331 1600 2364 appellare
1636 2329 1780 2363 placuerit:
1813 2328 1895 2354 totins

1110 2383 1204 2408 ⁸nutem
1218 2378 1384 2405 monumenti
1397 2379 1477 2405 tidem
1490 2379 1557 2405 mihi
1570 2380 1650 2405 valde
1663 2382 1812 2411 suspectam
1826 2385 1894 2402 esse.

1167 2428 1403 2460 Pseudophoem‘cr‘r's
1420 2427 1499 2456 etiam
1523 2426 1736 2453 annumerandas
1759 2434 1818 2451 esse
1837 2425 1894 2458 epi-

1115 2476 1230 2511 graphes
1249 2476 1377 2510 quasdem
1397 2485 1412 2502 a
1429 2476 1577 2502 Niebuhr-io
1598 2483 1683 2508 prope
1701 2475 1846 2500 Larnecum
1866 2473 1893 2497 in

1117 2524 1208 2558 Cypro
1231 2524 1319 2551 insula
1345 2529 1482 2559 repertas,
1521 2524 1574 2550 iam
1593 2532 1672 2557 supra
1693 2521 1893 2549 obsera-wimiis

1115 2582 1141 2607 p.
1163 2574 1221 2600 123.
1243 2572 1301 2599 124.
