2242 2976
346 274 398 310 80
460 268 593 303 LIBER
617 265 793 300 PRIMUS.
835 263 1215 299 PAMEOGRAPHIA
1236 263 1492 298 PHOENICIA.
1534 263 1683 298 CAPUT
1705 263 1930 304 QUIN'I'UM.

350 365 513 408 Koppium
537 372 681 405 quoque,
712 362 745 393 in
769 360 820 392 his
842 358 940 392 rebus
958 358 1040 392 alias
1061 358 1361 403 diligentissimum,
1391 357 1491 391 altum
1512 357 1677 392 silentium
1693 365 1751 392 est.
1794 359 1863 392 Iam
1879 370 1976 403 supra

349 429 455 454 autem
486 419 644 457 vidimus,
681 416 726 449 nil
748 415 843 448 facile
866 417 899 448 in
922 415 983 448 hac
1005 415 1186 448 litteratura
1205 417 1386 448 intricatius
1409 426 1495 455 esse,
1537 425 1632 459 quam
1653 414 1852 448 sibilantium
1871 415 1974 448 histo-

350 479 430 509 riam
445 483 477 507 et
492 482 634 507 mutuam
648 475 818 511 rationem,
834 479 867 504 et
882 471 966 505 haud
983 474 1050 505 scio
1064 484 1105 505 an
1122 472 1235 505 harum
1251 470 1427 505 nonnullae
1441 471 1563 516 figuras
1577 473 1662 504 inter
1673 482 1710 504 se
1725 471 1976 515 permutaverint

371 544 401 564 v.
423 531 540 572 infra).

351 535 363 575 (
476 587 638 619 Posterius
667 587 702 618 in
731 585 898 618 codicibus
927 584 1085 628 liturgicis
1112 584 1375 618 Londinensibus
1404 591 1438 617 et
1465 583 1624 617 Gothanis
1645 594 1667 616 a
1686 595 1739 617 me
1761 590 1923 627 repertum
1944 590 1977 616 et

348 655 449 687 nuper
478 643 598 675 editum
627 643 656 685 *)
697 653 740 674 ex
776 641 833 674 illo
874 642 1045 674 manifesto
1075 649 1182 674 ortum
1211 648 1281 682 est,
1317 642 1363 674 ita
1394 641 1523 684 quidem
1555 648 1590 673 ut
1618 639 1829 684 tacbygraphi
1855 639 1978 684 figuras

347 702 523 734 formarent
545 697 634 731 nullo
657 699 787 742 negotio
811 706 844 730 et
865 698 1010 742 fugiente
1032 699 1100 730 fere
1122 698 1244 731 calamo
1266 698 1468 741 pingendas,
1499 699 1534 730 in
1557 696 1720 730 nonnullis
1742 696 1858 730 litteris
1879 697 1977 730 etiam

347 759 388 790 ad
417 764 557 788 veterem
589 754 827 798 simplicitatem
858 755 1001 787 redirent
1029 756 1085 796 (v.
1114 754 1215 794 Beth,
1242 754 1367 794 Resch,
1393 753 1543 796 Daleth).
1591 754 1673 787 Prae
1703 754 1841 786 caeteris
1864 746 1976 786 notatu
2014 783 2015 786 ,

348 815 466 857 dignae
493 812 618 856 figurae
652 810 743 853 Caph
773 818 806 843 et
839 810 931 843 Men
958 810 1158 850 litterarum,
1195 821 1328 854 quarum
1366 809 1520 843 denticuli
1549 821 1570 843 a
1603 811 1736 842 sinistra
1768 816 1859 853 parte
1887 809 1980 852 scapi

348 876 553 913 comparent,
583 867 666 911 quod
690 867 794 909 ipsum
816 877 836 898 a
858 866 1038 899 scribarum
1056 867 1262 899 festinatione
1279 866 1458 910 protectum
1475 867 1610 899 videtur.
1653 867 1849 899 Litterarum
1869 872 1979 899 autem

349 925 478 959 tabulae
507 936 527 956 a
554 924 650 956 nobis
681 923 846 955 confectae
875 922 972 956 aliam
1001 923 1183 955 addidimus
1212 934 1232 955 a
1258 923 1461 955 Samaritano
1489 922 1626 955 Jaffensi
1647 922 1851 956 Akerbladco
1872 922 1979 955 datam

349 992 381 1015 et
401 994 420 1014 a
450 983 599 1015 Vlotenio
621 981 740 1012 editam
768 980 894 1022 (decer.
917 980 988 1011 cod.
1014 978 1394 1012 Samaritano-arabici
1419 979 1664 1023 Lugduuerm'e.
1699 979 1806 1023 Lugd.
1831 979 1924 1013 1803.
1943 981 1977 1010 4.

350 1038 414 1072 tab.
435 1039 495 1080 1),
533 1047 667 1080 quarum
696 1035 820 1080 figurae
847 1035 888 1068 ab
918 1035 1048 1068 illorum
1077 1036 1223 1068 codicum
1252 1035 1366 1079 figuris
1395 1037 1473 1067 satis
1503 1035 1685 1078 discrepant
1713 1036 1779 1078 ³⁸),
1815 1045 1856 1069 ex
1886 1041 1978 1078 parte

350 1103 456 1127 tamen
481 1100 659 1127 memoratu
681 1093 891 1136 dignissimae
913 1099 1005 1132 sunt,
1036 1103 1067 1125 v.
1090 1102 1119 1124 c.
1143 1091 1253 1135 Aleplt
1276 1099 1308 1124 et
1333 1091 1419 1131 Tau,
1449 1103 1530 1135 quae
1552 1091 1639 1124 linea
1657 1091 1839 1132 dinei-inim,
1873 1091 1933 1124 Tei
1946 1098 1979 1123 et

349 1151 468 1195 Kopla,
502 1160 584 1193 quae
612 1155 730 1192 puncto
761 1149 1002 1186 discernuntur;
1039 1149 1180 1181 maxime
1210 1155 1317 1181 autem
1348 1147 1517 1181 sibilantes
1543 1147 1646 1188 Saia,
1675 1146 1831 1187 Sanecla,
1870 1147 1976 1187 Zade,

351 1218 486 1250 quarum
506 1206 631 1250 figurae
652 1205 734 1237 mihi
751 1206 797 1237 ita
818 1204 1029 1248 explicandae
1052 1206 1217 1244 videntur,
1248 1212 1283 1237 ut
1305 1203 1391 1237 δοίη
1414 1212 1447 1237 et
1468 1203 1606 1238 samech
1629 1211 1718 1237 ortae
1739 1205 1805 1236 sint
1823 1214 1864 1236 ex
1879 1204 1978 1236 variis

349 1277 462 1321 figuris
484 1277 606 1319 antiqui
629 1274 766 1307 Samech
790 1274 898 1319 (ῃ),
928 1275 1021 1308 Zade
1043 1286 1086 1308 ex
1108 1266 1279 1318 phoenicio
1303 1268 1364 1313 Ζ.

464 1346 626 1398 ‘Ceterum
660 1347 695 1378 in
732 1352 867 1389 utroque
903 1345 1088 1378 charactere
1122 1344 1223 1378 verba
1258 1344 1395 1390 singulis
1428 1348 1555 1390 punctis
1583 1346 1732 1379 distincta
1764 1351 1855 1378 sunt:
1893 1354 1977 1389 quae

350 1404 560 1448 pronunciatu
591 1401 743 1446 ambigua
764 1409 876 1442 erant,
906 1401 1062 1442 subinde,
1088 1401 1145 1434 sed
1168 1412 1261 1443 raro,
1291 1402 1386 1446 signo
1408 1403 1573 1436 diacritico
1595 1409 1705 1435 notata
1732 1402 1785 1446 (v.
1806 1400 1863 1434 lib.
1883 1400 1915 1434 11
1935 1402 1975 1433 ad

350 1463 445 1493 inser.
471 1463 510 1493 53
520 1460 544 1501 ).

696 1550 744 1584 D.
779 1549 1024 1583 SCRIPTURA
1045 1549 1266 1583 ARAMAEA
1294 1549 1392 1583 CUM
1413 1550 1630 1585 FILIABUS.

1103 1637 1131 1675 ἦ.
1167 1637 1218 1668 53.

879 1704 1448 1745 Paluyrenorumlcuerae.

477 1780 675 1823 Scripturam
698 1780 987 1813 vetustissimorum
1006 1779 1239 1813 Aramaeorum
1261 1779 1519 1825 Judaeorumque
1551 1781 1785 1825 Aegyptiorum
1816 1783 1975 1815 aramaice

350 1837 559 1870 scribentium
588 1838 651 1868 iam
682 1847 778 1879 supra
806 1837 1012 1868 tractavimus
1035 1838 1081 1878 (3.
1101 1840 1153 1871 41.
1174 1838 1249 1879 42).
1292 1836 1378 1869 Huic
1402 1839 1549 1880 proxima
1569 1839 1703 1882 eiusque
1725 1840 1795 1871 sive
1816 1837 1886 1871 filia
1906 1840 1975 1871 sive

350 1904 443 1926 soror
465 1891 655 1935 appellanda
676 1899 726 1924 est
746 1895 912 1935 scriptura
934 1893 1151 1934 Palmyrena,
1186 1893 1226 1925 de
1249 1905 1310 1937 qna
1332 1905 1418 1926 nunc
1439 1895 1549 1936 paucis
1570 1894 1730 1938 agendum
1753 1901 1813 1928 est.

479 1948 646 1981 Marmora
683 1947 744 1980 hac
779 1948 957 1981 litteratura
986 1951 1158 1992 inscripta,
1199 1961 1333 1993 quornm
1365 1949 1547 1992 quindecim
1577 1949 1741 1993 hucusque
1767 1953 1976 1984 innotuerunt
2016 1973 2020 1977 -

351 2007 404 2047 (in
435 2005 485 2036 his
515 2004 623 2036 decem
646 2003 844 2047 bilinguia),
870 2005 904 2036 in
928 2005 1099 2038 ruderibus
1121 2005 1210 2038 urbis
1239 2005 1382 2038 Tadmor
1409 2016 1437 2037 s.
1462 2005 1630 2048 Palmyrae
1651 2007 1684 2038 in
1707 2006 1821 2048 Syriae
1849 2008 1994 2040 desertor

351 2067 493 2104 reperta,
525 2059 635 2092 seculo
657 2071 687 2103 p.
710 2058 787 2092 Chr.
809 2061 952 2093 secundo
974 2069 1007 2093 et
1027 2063 1122 2093 tertio
1151 2061 1211 2103 (ab
1239 2072 1324 2093 anno
1354 2064 1417 2094 396
1446 2062 1487 2093 ad
1509 2065 1571 2095 569
1598 2073 1693 2095 aerae
1715 2062 1973 2106 Seleucidarum)

350 2117 540 2150 florentibus
572 2116 835 2158 Palmyrenorum
868 2117 965 2149 rebus
995 2117 1141 2150 dedicata
1162 2125 1246 2150 sunt.
1291 2117 1365 2150 Duo
1388 2129 1500 2151 eorum
1530 2120 1595 2151 iam
1623 2111 1688 2152 sec,
1718 2118 1817 2152 XVI!
1839 2118 1974 2163 Romam

351 2181 531 2206 transvecta
558 2172 605 2204 ibi
633 2174 666 2204 in
697 2172 812 2205 Museo
843 2171 1026 2216 Capitolino
1055 2181 1280 2214 asservantur,
1316 2176 1377 2206 tria
1397 2173 1461 2207 alia
1484 2177 1568 2208 inter
1590 2186 1751 2208 marmora
1773 2169 1975 2208 oxoniensia

352 2231 494 2272 reposita
521 2235 615 2268 sunt,
653 2228 850 2271 reliquorum
879 2231 1009 2262 nonnisi
1038 2230 1222 2274 apographa
1249 2241 1269 2262 a
1297 2230 1494 2264 Dawmusro
1518 2239 1551 2264 et
1573 2231 1726 2264 woomo
1755 2233 1789 2264 in
1811 2232 1973 2275 Europam

352 2285 449 2318 allata
478 2291 510 2316 et
542 2279 629 2317 edita
656 2292 786 2317 exstant
813 2287 847 2317 in
877 2287 999 2318 eximio
1028 2297 1142 2329 opere:
1175 2286 1231 2319 tlte
1252 2287 1361 2320 Rm'm
1382 2288 1426 2327 qs
1440 2289 1613 2331 Palmyra,
1641 2288 1779 2321 London
1803 2289 1885 2321 1⁷53
1907 2287 1974 2328 fot,

353 2342 438 2375 unde
460 2342 595 2384 repetita
616 2348 691 2373 sunt
711 2352 732 2372 a
753 2340 922 2374 swintone
944 2343 978 2373 in
1004 2342 1128 2375 Philae.
1157 2343 1389 2377 Transactcom
1412 2343 1490 2376 Vol.
1506 2348 1559 2377 48.
1601 2345 1846 2377 Accuratiorem
1867 2352 1973 2377 tamen

353 2405 500 2442 quattuor
522 2396 759 2430 Oxoniensium
780 2398 954 2440 imaginem
977 2399 1062 2430 dedit
1084 2399 1182 2434 men.
1196 2399 1384 2432 Crunnum
1397 2402 1432 2433 in
1444 2400 1566 2433 Marna.
1585 2401 1762 2434 amnicus.
1785 2412 1838 2434 no.
1857 2405 1972 2434 8—11

355 2455 543 2498 (repetitam
564 2464 584 2485 a
605 2454 754 2497 Koppio,
777 2453 894 2486 Bader
917 2455 986 2486 mad
1008 2454 1180 2495 Schriften
1202 2455 1244 2495 ΙΙ,
1272 2459 1342 2489 133.
1364 2460 1438 2490 251.
1460 2458 1562 2500 256),
1591 2457 1790 2501 duorumque
1811 2456 1974 2490 titulorum

406 2575 434 2608 *)
461 2577 545 2602 carm.
572 2575 735 2600 Samaritana
761 2582 785 2600 s.
809 2575 996 2600 Anecdotorum
1023 2576 1131 2601 on'enia-
1252 2574 1292 2608 *¹⁸)
1312 2577 1464 2603 Nonnullae
1481 2576 1562 2603 etiam
1581 2582 1720 2611 suspectae
1741 2582 1817 2612 sunt,
1836 2582 1910 2605 certe
1925 2577 1974 2606 vix

356 2621 417 2647 lium
434 2622 503 2654 saec.
522 2625 543 2648 I.
570 2622 642 2657 Lips.
658 2621 735 2650 1824.
755 2622 808 2648 tab.
825 2621 848 2656 Ι,
866 2623 903 2650 cf.
915 2631 942 2657 p.
953 2625 981 2650 7.
991 2625 1016 2650 8.
1200 2629 1357 2657 accuratae,
1384 2629 1413 2651 ut
1433 2625 1526 2652 Schin-
