2242 2976
345 270 396 306 20
457 267 590 301 LIBER
611 265 788 299 PRIMUS.
831 264 1203 299 PALAEOGRAPHIA
1225 265 1480 302 PHOENICIA.
1520 266 1670 303 CAPUT
1691 269 1907 303 TERTIUM.

347 361 556 400 undecimam,
580 372 660 404 quae
675 359 943 403 calligraphorum
957 366 1103 391 ornatum
1120 360 1215 402 sapit,
1240 371 1326 392 num.
1343 361 1453 403 Syrae.
1471 360 1510 400 B,
1532 361 1752 395 duodeci-mu·
1768 362 1873 396 Melit.
1891 367 1906 395 1
1928 362 1967 403 Β,

348 429 433 450 num.
457 417 612 455 Gaul.,G.
663 417 813 449 Rariores
842 423 874 448 et
903 417 1031 449 nonnisi
1058 417 1090 447 in
1119 416 1329 458 Syracusanis
1358 425 1391 449 et
1421 417 1603 451 Gaulitanis
1631 420 1738 452 numia
1761 419 1875 452 obviae
1896 426 1971 452 sunt

347 485 404 506 eae
426 473 567 516 figurae,
591 484 723 516 quarum
745 479 839 515 caput
863 483 884 504 a
905 473 1021 505 dextra
1033 475 1066 510 Ι*)
1090 471 1234 506 clausum
1256 480 1322 513 est,
1345 481 1380 505 ut

760 530 788 546 ΙΙ
886 530 917 545 14
1016 529 1042 546 ²5
1126 528 1155 545 1⁶
1237 530 1267 546 17
1340 530 1369 546 18
1443 531 1473 548 29
1546 530 1578 547 ⁸0

347 687 391 731 (v.
414 688 480 719 dec.
503 690 580 719 tert.
608 685 719 728 Syrac.
742 683 785 723 C,
816 683 886 715 dec.
916 686 1024 725 quart.
1055 681 1166 723 Syrac.
1195 681 1234 714 A.
1262 681 1311 722 B,
1343 683 1413 716 dec.
1444 688 1548 728 quint.
1578 682 1673 718 Gaul.
1702 683 1752 723 D,
1782 683 1852 716 dee.
1882 687 1971 717 next.

347 742 439 776 Gaul.
462 743 507 782 E,
529 743 598 776 dec.
619 747 703 786 cept.
727 743 776 773 15.
798 740 868 772 dec.
891 744 953 771 oct.
976 737 1070 770 Gaul.
1094 737 1131 770 B.
1154 738 1223 771 dec.
1246 749 1322 772 non.
1346 739 1440 773 Gaul.
1463 744 1514 774 25.
1538 744 1589 775 26.
1611 745 1664 781 28,
1687 744 1786 774 vicee-
1808 738 1902 772 Gaul.
1923 739 1971 782 4),

346 802 423 833 item
447 811 528 845 quae
549 811 569 832 a
591 800 705 832 dextra
726 803 815 841 parte
838 806 972 829 mancae
994 802 1085 835 sunt,
1107 802 1143 827 ut

345 1013 386 1054 (v.
415 1010 479 1044 Cit.
506 1013 521 1042 1
551 1010 610 1042 lin.
634 1013 663 1042 1.
683 1011 732 1047 2.,
763 1015 849 1038 num.
872 1001 935 1035 cil.
959 1001 1001 1039 P,
1031 1008 1102 1051 Syr,
1134 1010 1168 1042 i„
1195 1019 1273 1048 nm,
1303 1007 1397 1040 Gaul,
1421 1010 1471 1040 34,
1494 1010 1561 1050 36),

473 1067 564 1101 Haec
592 1065 755 1109 legitimae
785 1070 817 1095 et
845 1064 1034 1106 antiquioris
1061 1066 1237 1109 scripturae
1267 1068 1370 1111 signa.
1420 1063 1610 1098 Numidicae
1643 1071 1751 1096 amem
1779 1063 1970 1106 scripturae,

346 1126 437 1158 ouius
465 1122 614 1166 exempla
641 1124 736 1154 etiam
764 1122 798 1152 in
821 1120 926 1152 numis
948 1119 1115 1154 Gaditanis
1138 1130 1169 1154 et
1192 1122 1372 1156 Gaulitanis
1396 1123 1491 1156 obvia
1515 1129 1607 1161 sunt,
1639 1121 1700 1154 hoc
1723 1121 1885 1165 proprium
1906 1124 1968 1157 cot,

346 1184 432 1227 quod
447 1181 550 1225 Aleph
567 1191 624 1223 pro
639 1177 762 1211 duabus
777 1176 872 1209 lineis
888 1179 1078 1210 transversis
1096 1181 1229 1221 ‘nonnisi
1252 1191 1347 1212 unam
1370 1180 1468 1213 habet
1482 1187 1515 1211 et
1534 1180 1575 1212 ad
1588 1177 1663 1211 'rau
1683 1177 1809 1210 litterae
1832 1175 1970 1220 figuram

346 1250 444 1283 prope
467 1238 590 1270 accedit
611 1237 651 1278 (ς.
675 1235 747 1277 33),
770 1241 804 1266 nt
824 1232 886 1265 hae
907 1241 1086 1267 monstrant
1107 1234 1230 1278 figurae

383 1281 392 1291 ⁰
999 1289 1032 1305 ⁸2
1138 1292 1169 1308 22
1276 1292 1308 1308 16

343 1464 375 1485 v.
397 1456 459 1485 vic.
481 1461 543 1483 eec.
567 1451 665 1481 inser.
685 1445 814 1479 Numid.
836 1447 856 1476 2
879 1442 936 1475 lin.
961 1445 989 1475 1.
1015 1447 1045 1476 2.
1068 1446 1099 1482 3,
1124 1447 1136 1476 1
1163 1445 1198 1476 in
1223 1454 1301 1487 rm,
1338 1444 1431 1480 Coss.
1454 1445 1502 1479 Μ.
1526 1446 1580 1486 Ν.,
1601 1450 1665 1480 vic.
1681 1449 1814 1479 tertia.
1835 1454 1970 1488 eamque

345 1509 510 1552 vulgarem
524 1505 653 1537 Numid.
667 1508 697 1543 1,
715 1507 743 1534 1.
757 1505 787 1532 2.
804 1505 835 1538 4,
851 1503 880 1531 2.
898 1502 929 1537 5,
946 1501 974 1529 1.
998 1498 1123 1541 Tripol.
1139 1503 1170 1539 2,
1186 1505 1207 1532 4
1219 1502 1252 1533 in
1266 1510 1336 1546 rm,
1360 1501 1490 1535 Numid.
1506 1506 1538 1543 5,
1554 1507 1573 1536 2
1589 1505 1622 1535 in
1635 1512 1732 1542 nme,
1753 1505 1785 1542 6,
1800 1505 1828 1534 1.
1844 1504 1875 1540 7,
1892 1505 1921 1533 1.
1935 1503 1968 1539 2,

345 1565 452 1598 Gadit.
466 1566 498 1602 6,
521 1565 584 1594 vic.
598 1564 748 1604 quartam
767 1557 860 1590 Coss.
874 1555 913 1587 G.
929 1555 974 1589 H.
989 1553 1014 1586 1.
1032 1553 1072 1586 Ο.
1116 1555 1243 1589 Similia
1257 1566 1363 1591 autem
1380 1559 1530 1603 exempla
1544 1561 1608 1592 iam
1622 1559 1701 1592 alibi
1715 1558 1812 1592 obvia
1827 1564 1911 1596 sunt,
1933 1564 1969 1589 ut

979 1669 1059 1743 4ae
1099 1679 1248 1723 adeoque
1284 1660 1329 1751 ἵ

346 1781 408 1810 vic.
424 1780 527 1819 quint.
551 1775 670 1807 Athen.
693 1777 724 1814 3,
746 1771 810 1805 Cit.
833 1775 876 1804 20
898 1772 955 1804 lin.
978 1775 1006 1804 1.
1031 1774 1082 1810 33,
1106 1762 1163 1803 lin.
1187 1775 1217 1804 1.
1240 1775 1271 1812 3,
1305 1779 1369 1808 vic.
1384 1780 1473 1808 next.
1497 1775 1591 1808 Gaul.
1614 1786 1668 1809 no.
1689 1778 1741 1808 30.
1763 1777 1816 1815 33,
1840 1780 1970 1817 proptor

345 1832 525 1876 analogiam
552 1843 650 1875 supra
680 1831 857 1873 expositam
884 1830 1015 1861 minime
1044 1835 1204 1870 suspecta.
1248 1828 1333 1863 Num
1363 1834 1526 1877 integrum
1547 1834 1590 1865 sit
1610 1831 1718 1876 Aleph
1738 1833 1773 1864 in
1797 1830 1903 1864 Gadi&
1925 1830 1967 1870 L,

346 1901 410 1921 una
430 1888 537 1921 littera
558 1886 811 1943 perpendiculari
833 1893 1003 1924 constans,
1027 1885 1061 1916 iu
1084 1885 1190 1919 medio
1213 1884 1370 1931 relinquo.

472 1974 622 2007 inversae
636 1973 705 2004 eius
718 1971 841 2015 figurae
857 1972 958 2014 (5-41)
997 1958 1068 2032 ἡ
1110 1982 1142 2007 et
1197 1962 1246 2036 ss
1275 1974 1308 2005 iu
1323 1975 1419 2006 inser.
1441 1973 1968 2017 Erycinalin.1.4.⁷reperiuntnr.

471 2070 621 2103 Ceterum
649 2070 713 2103 sibi
742 2078 876 2103 caveant
904 2073 1067 2105 doetrinae
1090 2071 1381 2116 palaeographicae
1403 2074 1543 2111 tirones,
1568 2082 1608 2104 ne
1630 2072 1664 2104 iu
1681 2081 1813 2115 gravem
1825 2079 1967 2103 errorem

346 2128 506 2167 incidant,
539 2138 632 2171 quem
661 2138 682 2159 a
710 2127 868 2160 Dutensio
898 2136 931 2160 et
958 2129 1119 2161 Pellerino
1147 2130 1332 2172 adoptatum
1353 2129 1488 2162 firmiter
1511 2135 1598 2161 tenet
1618 2126 1837 2171 Lindbergius
1858 2138 1890 2170 p.
1913 2129 1966 2166 29,

345 2195 457 2216 omues
477 2183 599 2227 figuras
621 2195 672 2216 no.
694 2187 831 2216 13-20
853 2196 895 2217 ex
917 2187 1022 2218 numis
1043 2186 1244 2228 potissimum
1266 2184 1465 2226 Gaulitanis,
1492 2185 1702 2227 Syracusanis
1721 2190 1755 2216 et
1779 2184 1967 2216 Cosani-aeia

331 2260 335 2265 «
344 2241 461 2283 petitas
468 2240 613 2283 Kophim
627 2251 698 2272 esse
712 2247 864 2280 statuens,
880 2249 911 2273 et
920 2252 982 2286 3:¹7,
997 2250 1126 2286 npnpz,
1142 2250 1251 2286 nnius>
1267 2241 1391 2286 legens,
1406 2252 1486 2286 quae
1501 2241 1567 2285 legi
1579 2240 1740 2274 debebant
1755 2250 1820 2284 μοι,
1835 2249 1965 2280 πωπω,

345 2304 448 2331 mam.
491 2296 556 2328 Sed
586 2296 666 2328 haec
693 2298 814 2328 nemini
842 2299 876 2329 in
907 2306 1070 2340 posterum
1101 2299 1207 2331 fraudi
1238 2306 1346 2337 erunt,
1375 2300 1430 2341 qui
1459 2299 1594 2337 viderit,
1625 2299 1660 2330 in
1689 2296 1762 2330 aliia
1789 2298 1964 2330 eorundem

345 2364 514 2386 nnmerum
536 2351 694 2395 exemplis
714 2351 835 2395 figuras
857 2361 1003 2394 exstare,
1027 2366 1106 2397 quas
1129 2357 1226 2389 nmb&
1249 2366 1343 2397 esse,
1366 2366 1429 2387 non
1454 2363 1556 2398 φωρ,
1577 2362 1642 2387 tam
1661 2361 1782 2387 certum
1804 2361 1853 2386 est
1869 2365 1964 2397 quam

346 2409 428 2452 quod
452 2411 675 2442 certissimum.
718 2408 804 2441 Vide
827 2421 941 2442 numos
966 2411 1059 2443 Gaul.
1082 2411 1122 2443 A.
1145 2411 1183 2444 B.
1207 2411 1245 2444 C.
1269 2411 1312 2443 H.
1342 2416 1372 2444 2.
1401 2415 1420 2444 3
1453 2411 1507 2453 (cf.
1529 2421 1661 2444 numum
1682 2410 1749 2443 sid.
1771 2409 1827 2453 T.)
1855 2413 1964 2444 5-8.

348 2469 498 2498 11—14.
524 2469 574 2499 17.
597 2470 648 2498 18.
672 2468 720 2498 19.
743 2468 795 2498 20.
818 2470 870 2498 22.
892 2469 944 2498 29.
966 2470 1025 2506 34,
1057 2458 1188 2501 Cossur.
1210 2467 1251 2500 Β.
1273 2469 1309 2500 Ε.
1330 2468 1367 2500 F.
1409 2467 1543 2501 Aoeedit
1564 2467 1648 2511 quod
1670 2466 1759 2500 nulla
1779 2467 1831 2500 his
1852 2467 1965 2511 figuris

398 2559 424 2591 ⁸>
443 2560 486 2586 Ad
504 2559 627 2587 vitandos
644 2567 750 2586 errores
768 2560 851 2586 semel
872 2567 981 2593 moneo,
1002 2568 1045 2586 me
1066 2564 1123 2587 tum
1191 2569 1260 2596 quae
1286 2570 1302 2587 e
1319 2561 1431 2598 regione
1447 2567 1542 2588 manns
1563 2561 1676 2587 dextrae
1694 2564 1748 2594 est,
1777 2561 1899 2588 dextram
1917 2570 1966 2597 ap-

348 2607 377 2634 in
396 2608 507 2644 singulis
524 2607 620 2635 litteris
647 2612 703 2634 tum
731 2608 760 2634 in
784 2608 964 2635 monumentis
982 2608 1124 2643 numisque
1192 2611 1316 2644 pallane,
1338 2619 1407 2644 qnae
1421 2610 1561 2646 eregione
1571 2617 1666 2637 manus
1675 2609 1798 2637 sinistrae
1818 2615 1875 2644 est,
1900 2609 1965 2637 sini-

348 2656 530 2682 describendis
548 2665 607 2682 eam
638 2655 742 2683 litterae
768 2656 987 2692 monumentique
1011 2661 1125 2692 partem,
1195 2662 1286 2684 stram.
1311 2659 1347 2685 cf.
1366 2660 1452 2694 Kopp.
1473 2659 1519 2692 11,
1536 2667 1564 2694 p·
1584 2658 1643 2686 139.
