2242 2976
640 289 700 321 DE
725 287 869 321 SIGNIS
895 287 1221 331 NUMERALIBUS
1251 287 1529 321 PHOENlCUM.
1757 336 1760 338 Β
1850 291 1902 328 89

392 383 427 426 6)
443 385 476 415 in
492 383 706 426 Aethiopica,
722 383 777 415 ubi
794 390 899 414 tamen
915 382 1094 415 numeralia
1107 382 1275 414 manifesto
1293 393 1334 414 ex
1344 382 1540 414 Graecorum
1554 381 1670 414 litteris
1682 382 1766 414 facta
1781 390 1855 414 sunt
1862 382 1899 426 *).

394 439 531 471 Veteres
561 439 705 471 Hebraei
736 441 769 471 in
797 439 902 471 numia
931 440 1052 481 pariter
1081 446 1176 481 atque
1206 437 1321 470 Graeci
1351 438 1467 471 litteris
1496 440 1563 471 suis
1595 450 1651 482 pro
1679 438 1899 471 numeralibus

266 495 435 528 utebantur
457 507 487 527 v.
512 508 539 528 c.
559 498 591 528 in
616 507 712 528 numo
734 495 895 527 Simeonis
917 503 966 528 :w
988 497 1010 526 i.
1036 507 1065 528 e.
1089 505 1109 528 τι
1133 505 1197 528 mv:
1222 505 1310 526 anno
1332 496 1473 527 secundo
1485 496 1537 538 **).

1023 589 1050 626 §.
1084 590 1135 620 59.

393 659 495 703 Origo
513 659 651 692 'illarum
680 666 827 691 notarum
859 658 943 700 apud
972 657 1151 689 Phoenices
1181 657 1277 701 paulo
1301 658 1467 690 obscurior
1490 666 1548 691 est.
1593 658 1840 692 Bellermannus
1865 666 1898 691 et

266 718 483 764 Liudbergius
505 718 539 750 ll.
555 730 599 751 cc.
623 730 678 750 eas
702 729 744 750 ex
765 716 880 749 litteris
902 724 989 750 ortas
1012 728 1084 749 esse
1106 724 1267 757 statuunt,
1291 719 1336 749 ita
1359 725 1394 750 ut
1420 738 1458 742 -—
1481 726 1513 749 et
1548 715 1627 754 Α
1656 720 1746 751 =X
1767 721 1894 762 proprie

265 777 334 810 Jod
353 780 412 817 sit,
443 790 523 822 quae
553 786 602 811 est
630 778 756 810 decima
783 776 908 814 littera3
938 776 967 808 N
992 793 1036 806 =
1058 777 1127 809 XX
1161 784 1263 808 ortum
1296 788 1338 809 ex
1361 776 1468 821 aliqua
1500 778 1592 821 Caph
1623 780 1747 811 litterae.
1774 778 1896 821 figura;

264 836 440 867 centenarii
479 836 604 867 numeri
642 842 717 866 nota
755 845 798 865 ex
833 833 937 876 Koph
975 835 1154 876 praeposita
1188 832 1275 865 linea
1305 834 1578 876 perpendiculari,
1614 836 1760 868 monadis
1789 837 1893 879 signo.

264 890 378 933 Neque
396 890 482 924 >haec
504 902 581 923 vero
602 883 779 924 dissimilia.
823 889 924 921 Favet
945 892 1031 922 enim
1052 896 1126 922 cum'
1152 887 1376 933 plerorumque
1398 890 1608 924 numeralium
1633 895 1725 935 origo
1748 902 1789 924 ex
1811 890 1896 924 litte-

264 949 310 979 ris
323 949 400 987 Μ’),
423 955 490 980 tum
513 947 739 980 nonnullorum
764 947 813 988 (si
835 948 930 979 modo
952 946 1146 989 apographis
1169 945 1251 978 fides
1273 947 1421 979 habenda
1443 947 1511 991 est)
1530 948 1635 992 figura
1655 950 1695 981 ad
1715 949 1895 981 litterarum

262 1002 391 1036 illarum
411 1004 549 1048 figuram
573 1006 703 1047 propius
724 1005 840 1042 etiam,
863 1014 957 1046 quam
980 1002 1142 1045 vulgaris,
1164 1004 1340 1042 accedens,
1367 1003 1455 1036 velut

708 1075 774 1138 ΡΙ
880 1095 912 1120 et
1012 1072 1311 1131 T1=c

264 1180 427 1220 (Mionnet
441 1181 559 1222 XXV,
577 1193 629 1214 no.
644 1185 696 1215 68.
707 1186 773 1222 69),
797 1182 854 1214 ubi
866 1183 954 1225 prius
969 1182 1096 1224 signum
1106 1180 1205 1223 Koph
1219 1180 1344 1213 litterae
1362 1180 1525 1223 persimile
1540 1188 1599 1214 est.
1624 1182 1730 1214 Etiam
1748 1184 1781 1215 in
1797 1184 1895 1216 dena-

265 1239 304 1269 rii
321 1239 444 1270 nunneri
459 1240 553 1281 signo
568 1238 651 1270 nihil
665 1239 861 1272 difficultatis
873 1240 958 1270 inest
974 1238 1066 1279 (εἰς.
1075 1241 1127 1270 22.
1134 1247 1187 1269 no.
1195 1240 1246 1269 27.
1257 1237 1330 1278 28);
1346 1249 1445 1270 unum
1460 1237 1539 1270 illud
1554 1239 1638 1281 quod
1654 1243 1782 1282 viginti
1794 1247 1898 1279 notat,

265 1304 284 1325 a
299 1292 388 1335 Caph
405 1293 511 1327 littera
526 1306 589 1327 non
605 1295 701 1328 facile
717 1297 831 1328 ducas:
855 1306 1034 1338 quanquam
1051 1295 1147 1326 etiam
1168 1293 1231 1325 hoc
1245 1293 1399 1336 explicari
1418 1302 1531 1337 potest.
1575 1295 1627 1327 Ex
1643 1307 1681 1327 ea
1696 1298 1782 1328 enim
1800 1296 1897 1329 huius

263 1349 389 1382 litterae
410 1350 533 1393 figura,
554 1363 635 1394 quae
658 1353 743 1395 apud
764 1363 823 1384 nos
845 1351 1036 1384 duodecima
1057 1357 1108 1382 est
1127 1357 1159 1382 et
1175 1355 1275 1383 nexta
1289 1351 1415 1383 decima
1430 1351 1524 1384 facile
1540 1351 1611 1383 fieri
1628 1360 1750 1394 poterat
1765 1354 1892 1396 signum

271 1412 326 1488 Μ
355 1456 365 1473 ,
406 1435 489 1476 quod
511 1434 647 1467 fortasse
670 1436 854 1478 primarium
877 1441 909 1465 et
929 1434 1071 1465 nativum
1093 1438 1157 1472 est,
1186 1433 1270 1465 unde
1292 1440 1362 1465 orta
1385 1440 1460 1478 {unt
1480 1432 1512 1465 N
1534 1441 1566 1466 et
1592 1437 1639 1476 Λ.

391 1518 455 1551 Sed
479 1497 566 1551 haec
579 1518 740 1552 sufficiant
760 1519 800 1551 de
818 1518 1016 1550 Phoenicum
1037 1517 1163 1550 litteris.

314 1677 340 1708 ³)
366 1678 410 1703 De
436 1676 508 1703 notis
535 1685 707 1703 numerorum
738 1676 766 1702 in
790 1674 921 1708 scriptura
946 1673 1039 1700 hiero-
1161 1673 1201 1707 **)
1220 1675 1324 1701 Eckhel
1344 1677 1430 1702 doctr.
1449 1685 1523 1703 uum.
1542 1678 1599 1712 111,
1622 1687 1648 1713 p.
1668 1679 1728 1707 468.
1754 1681 1759 1685 ”

262 1725 387 1760 glyphica
399 1744 408 1758 ‚
442 1725 568 1751 hieratica
580 1745 588 1758 ,
626 1725 755 1752 enchoria
783 1728 844 1758 post
873 1723 1017 1748 Iomardum
1031 1741 1039 1754 ‚

265 1775 424 1806 Youngt'um,
454 1775 664 1806 Champollionem
682 1782 708 1800 v.
730 1776 886 1804 Kosegarien
905 1773 937 1796 de
955 1773 1040 1804 prisca
1162 1769 1217 1804 η’)
1237 1771 1279 1798 Cf.
1298 1772 1331 1799 Ο,
1349 1773 1449 1799 Mffller
1468 1773 1485 1799 1,
1503 1781 1526 1800 c,
1549 1783 1574 1808 p·
1593 1775 1653 1804 320.

262 1823 441 1856 Aegyptiorum
459 1824 584 1856 scr-iprum
603 1821 752 1848 Commeat.
775 1821 793 1846 Ι.
812 1829 838 1854 p.
855 1821 888 1846 ⁵2
906 1827 965 1853 sqq.

1452 2729 1489 2756 12
