2242 2976
431 257 548 292 Nom
570 257 822 291 rnoaNicEs
844 233 1073 290 Pnorn'mr..
1116 257 1176 290 1v.
1198 255 1436 289 LAomcEA.
1468 257 1509 289 v.
1534 255 1792 289 MARATHUs.
1845 258 1918 295 271

429 353 573 385 Litterae
603 352 797 384 Phoeniciae
829 353 908 384 citra
937 362 1066 383 omnem
1089 350 1339 389 dubitationem,
1375 357 1411 382 ut
1433 351 1550 383 dudum
1573 351 1655 382 vidit
1676 350 1920 392 Barthelemyus

298 409 323 443 Ι.
337 421 390 449 vc.‚
418 408 575 452 legendae
597 416 629 441 et
648 408 858 451 explicandae
879 414 955 440 sunt

509 496 628 546 l³⁷³³²
660 495 717 530 n&
751 481 915 531 &zffnbb
1128 483 1343 521 Laodiceae
1367 484 1507 520 matris
1529 485 1570 521 in
1599 486 1770 529 emman,

300 578 450 621 quicquid
471 584 626 621 repugnat
648 575 824 613 Eckhelius
847 574 924 618 (111,
947 586 979 617 p.
994 575 1096 616 409),
1119 576 1153 607 iu
1175 586 1241 608 una
1262 586 1297 607 re
1318 575 1521 619 probandus,
1558 577 1640 619 quod
1664 577 1856 609 Laodiceam
1878 577 1918 609 ad

297 645 386 666 maoe
414 635 530 676 (quam
546 633 751 666 intellexerat
765 632 824 673 B.)
851 631 989 674 intelligi
1011 642 1103 673 posse
1126 639 1241 674 negat,
1268 643 1364 675 quum
1387 643 1426 664 ea
1449 634 1544 664 nimis
1565 643 1584 663 a
1606 632 1781 665 Phoenicia
1797 639 1919 665 remota

296 692 356 729 sit,
397 701 491 733 quam
520 697 554 722 ut
582 697 717 730 „mater
746 691 781 722 in
812 687 974 720 Canaan“
1004 689 1113 720 vocari
1142 690 1290 731 potuerit.
1342 688 1424 721 Nam
1457 689 1539 732 quod
1576 689 1614 721 ad
1646 696 1919 732 monogrammata

296 753 468 789 provocat,
505 757 547 780 ex
569 746 685 789 quibus
709 745 882 784 efficiatur,
917 744 977 776 hos
1005 755 1120 776 numos
1148 755 1213 776 non
1244 744 1327 777 alius
1351 744 1440 777 urbis
1461 742 1556 789 quani
1579 744 1689 787 Beryti
1712 756 1782 777 esse
1805 747 1917 788 (quam

296 805 487 835 sententiam
510 804 606 834 etiam
630 802 817 834 Mionnetus
839 801 1020 844 sequitur),
1044 801 1078 832 id
1101 800 1181 832 nihil
1205 800 1291 833 aliud
1313 802 1446 844 probat,
1470 813 1562 845 quam
1582 803 1621 835 ad
1636 801 1745 843 Beryti
1764 803 1917 834 ditionem

295 861 487 902 pertinuisse
515 859 728 897 Laodiceam,
758 858 841 901 quod
865 868 885 888 a
905 858 973 889 veri
994 859 1103 899 specie
1125 859 1256 890 minime
1277 857 1418 890 alienum
1437 866 1496 891 est.
1539 858 1575 890 In
1599 860 1679 901 ipsis
1700 858 1814 890 litteris
1837 857 1917 889 nihil

295 915 491 948 difficultatis
509 922 559 948 est
580 915 640 957 (cf.
663 914 760 957 Kopp
782 913 824 952 11,
846 916 919 946 204.
946 913 1114 957 Lindberg
1133 925 1166 957 p.
1190 917 1240 947 10.
1257 915 1332 956 11):
1366 916 1395 947 si
1416 925 1495 946 vero
1516 917 1588 958 quis
1604 916 1789 957 xoll'endatnr
1811 914 1918 946 littera

294 981 317 1006 κ
357 970 538 1014 quiescibili
574 982 595 1004 a
631 970 846 1003 Phoenicibus
882 976 1026 1006 servata,
1068 971 1097 1001 is
1132 981 1256 1003 memor
1294 972 1355 1010 sit,
1392 981 1414 1005 r<
1445 982 1511 1003 non
1540 973 1613 1014 poni
1646 983 1703 1014 pro
1732 982 1850 1015 graeco
1878 984 1915 1009 a,

293 1028 351 1060 sed
392 1038 451 1070 pro
487 1039 503 1060 ο
519 1049 529 1065 ,
573 1034 606 1059 et
645 1027 756 1060 &³5th
796 1024 959 1056 vocalibus
1002 1025 1170 1067 adscriptis
1210 1027 1409 1059 efferendum
1447 1038 1520 1059 esse
1555 1029 1666 1075 ⁸³:2¹⁸}
1703 1028 1803 1071 (pag.
1845 1028 1915 1068 57).

293 1083 419 1116 Arabes
441 1083 576 1116 eandem
598 1082 710 1114 urbem
735 1080 879 1114 scribunt
901 1082 990 1123 beo&
1015 1080 1068 1123 (v.
1092 1080 1217 1114 Schult.
1239 1083 1305 1115 ind.
1329 1094 1441 1126 geogr.
1463 1083 1496 1116 h.
1521 1083 1586 1126 v.)‚
1608 1086 1641 1116 in
1661 1095 1723 1126 quo
1745 1085 1855 1117 nescio
1875 1093 1916 1115 an

294 1159 364 1192 Elis
389 1160 478 1202 prius
506 1158 699 1190 Hamzatum
721 1158 821 1189 fuerit
850 1141 981 1206 (ωας,
1008 1138 1132 1207 tassii)
1174 1157 1333 1191 Graecum
1357 1166 1462 1191 autem
1485 1161 1593 1202 oppidi
1616 1170 1731 1191 nomen
1756 1166 1915 1191 servatum

293 1226 325 1251 et
346 1218 530 1251 Phoeniciis
554 1217 668 1250 litteris
691 1224 850 1260 utcunque
872 1227 1060 1259 expressura
1081 1223 1130 1249 est
1151 1218 1269 1248 iccirco
1291 1220 1375 1260 quod
1399 1221 1528 1261 antiquo
1545 1226 1578 1250 et
1594 1219 1769 1250 domestico
1786 1219 1916 1250 nomine

242 1283 244 1285 ·
295 1274 425 1306 carebat
445 1274 526 1305 haec
547 1274 624 1306 urbs
647 1275 836 1305 recentioris
858 1281 888 1304 et
910 1284 1063 1316 graecae,
1095 1280 1129 1305 ut
1150 1273 1295 1312 videtur,
1331 1275 1484 1316 originis:
1515 1276 1626 1306 eodem
1649 1275 1744 1306 modo
1767 1283 1861 1317 atque
1882 1276 1915 1306 in

278 1343 279 1346 ¹
295 1331 413 1364 Irenes
428 1330 615 1372 Byzantiae
629 1333 759 1362 nomine
776 1330 894 1361 factum
910 1340 981 1361 esse
997 1330 1135 1361 vidimus
1150 1331 1184 1361 in
1202 1331 1299 1362 inser.
1312 1330 1433 1362 Athen.
1449 1334 1480 1363 3.
1525 1330 1619 1368 Quod
1636 1341 1712 1362 vero
1730 1330 1810 1362 haec
1826 1330 1915 1369 urbs,

293 1398 374 1430 quae
396 1398 500 1430 neque
523 1386 615 1419 valde
637 1389 767 1430 antiqua
790 1396 893 1429 neque
915 1385 1086 1417 multarum
1110 1385 1242 1418 aliarum
1265 1393 1367 1418 mater
1388 1386 1487 1419 fuisse
1510 1394 1629 1429 potest,
1651 1389 1685 1418 in
1708 1386 1803 1418 huius
1828 1388 1916 1418 numi

291 1443 466 1486 epigraphe
487 1448 625 1483 „nater
647 1447 683 1476 in
708 1443 876 1475 Canaan“
897 1441 1075 1484 appellatur
1098 1443 1118 1474 i.
1136 1453 1164 1474 e.
1188 1442 1419 1485 metropolibus
1441 1443 1619 1475 Phoenices
1644 1443 1778 1475 lionoris
1802 1453 1915 1475 caussa

293 1508 539 1538 annumeratur,
572 1501 604 1532 id
626 1501 751 1543 arguit,
781 1498 871 1530 illum
894 1498 988 1530 huius
1012 1497 1096 1529 tituli
1120 1497 1273 1538 abusum,
1313 1500 1351 1531 de
1371 1510 1432 1542 quo
1454 1511 1550 1542 supra
1573 1500 1765 1542 disputatum
1790 1506 1838 1532 est
1859 1500 1913 1539 (in
1952 1493 1954 1496 ’

292 1557 397 1588 numis
423 1555 545 1597 Tyriis,
575 1568 627 1589 no.
647 1556 706 1598 1),
738 1557 802 1588 iam
824 1554 981 1587 Antiochi
1003 1553 1053 1586 lv
1074 1555 1270 1596 temporibus
1293 1554 1356 1587 late
1381 1557 1532 1597 patuisse.

842 1655 886 1687 V.
929 1654 1365 1688 MARATHUS.

419 1732 597 1765 Marathus
618 1732 840 1775 (Μάραθυς),
869 1742 986 1774 magna
1010 1739 1042 1762 et
1063 1730 1212 1773 opulenta
1235 1731 1310 1764 olim
1325 1732 1430 1764 fuerat
1447 1732 1641 1764 Phoeniciae
1658 1731 1733 1764 urbs
1748 1743 1765 1763 e
1782 1732 1914 1775 regione

291 1789 391 1822 Aradi
415 1791 447 1820 in
472 1790 655 1820 continente
679 1790 740 1820 sita
765 1787 894 1830 (Polyb.
917 1791 946 1826 5,
971 1790 1021 1819 68.
1039 1787 1169 1819 Arrian.
1192 1791 1230 1827 2,
1255 1791 1304 1820 13.
1329 1787 1417 1819 Curt.
1439 1793 1471 1827 4,
1497 1792 1525 1819 1.
1550 1788 1631 1820 Plin.
1656 1791 1686 1828 5,
1712 1790 1783 1831 20).
1827 1787 1913 1820 Inter

292 1846 374 1878 hanc
397 1853 428 1877 et
448 1844 587 1877 Aradios
609 1856 703 1887 quum
724 1852 896 1888 perpetuae
918 1844 1019 1876 ferme
1042 1846 1278 1875 controversiae
1301 1845 1540 1877 intercedebant
1562 1844 1693 1886 (Polyb.
1717 1844 1736 1876 l.
1757 1846 1820 1886 c.)‚
1845 1851 1912 1876 tum

292 1902 464 1934 Ammonio
494 1901 775 1940 Marathensibus,
805 1900 992 1932 Alexandro
1021 1899 1101 1931 Bala
1132 1899 1245 1941 Syriae
1267 1901 1444 1942 imperante
1468 1901 1572 1943 (anno
1598 1904 1781 1933 162—166
1801 1900 1913 1932 Seleu-

293 1959 456 1999 cidarum)
481 1958 591 1989 Aradii
616 1957 741 1989 insidiis
764 1958 898 1999 turpiter
920 1958 1048 1988 structis
1071 1956 1272 1988 Marathenis
1295 1958 1454 1988 excidium
1478 1957 1632 1999 parabant
1655 1960 1698 1997 (v.
1723 1957 1818 1989 Diod.
1841 1968 1912 1989 exc.

292 2015 331 2046 de
351 2014 446 2057 legat.
470 2016 520 2046 29.
543 2013 584 2046 T.
602 2014 636 2046 X
657 2026 686 2056 p.
711 2018 752 2047 76
773 2013 866 2057 Bip.)
902 2021 934 2046 et
962 2012 1038 2044 licet
1068 2019 1142 2044 tunc
1173 2013 1299 2056 quidem
1331 2024 1465 2056 pravum
1489 2024 1600 2046 eorum
1624 2013 1794 2046 consilium
1817 2024 1911 2045 exse-

292 2072 345 2114 qui
370 2082 432 2102 non
455 2077 602 2113 possent,
635 2077 740 2102 tamen
765 2070 872 2113 paullo
901 2077 975 2113 post
1007 2068 1085 2100 urbe
1116 2075 1207 2111 capta
1236 2067 1403 2102 et'eversa
1424 2081 1518 2113 agros
1539 2070 1802 2102 Marathenorum
1827 2076 1912 2102 sorte

293 2127 479 2159 diviserunt.
525 2127 603 2158 Inde
625 2127 741 2159 Strabo
763 2126 849 2159 XVI
871 2138 943 2169 pag.
964 2128 1042 2158 518:
1062 2125 1243 2168 Μάραθος,
1265 2126 1354 2164 πόλις
1366 2126 1478 2169 ἀρχαία
1497 2128 1648 2159 Φοινίκων
1663 2121 1910 2167 κατεσιῐασμένη·

291 2184 347 2223 τὴν
369 2183 403 2215 δὲ
423 2182 528 2224 χώραν
545 2182 683 2225 Ἀράδιοι
705 2183 1005 2226 κατεκληρούχησαν.

420 2253 527 2285 Huius
551 2253 639 2285 urbis
662 2264 725 2285 non
748 2255 841 2297 pauci
864 2259 991 2285 exstant
1012 2254 1102 2284 numi
1124 2253 1306 2296 epigraphis
1328 2253 1507 2296 phoeniciis
1529 2254 1659 2293 muniti,
1688 2265 1799 2285 omnes
1821 2261 1911 2285 auto-

294 2312 380 2342 nomi
408 2317 440 2341 et
469 2309 622 2351 peculiari
651 2321 728 2341 aera
759 2311 926 2348 instructi,
967 2319 1099 2351 quorum
1126 2315 1217 2351 typos
1246 2311 1279 2341 in
1311 2309 1375 2341 Vll
1403 2309 1521 2342 classes
1549 2310 1736 2342 distributos
1765 2316 1909 2340 accurate

295 2366 444 2398 describit
465 2365 682 2408 Lindbergius
704 2378 734 2408 p.
754 2369 804 2398 19.

422 2437 529 2479 Caput
562 2438 706 2470 iuvenile
739 2437 923 2468 laureatum
946 2436 992 2467 ad
1011 2436 1122 2468 dextr.
1150 2454 1194 2460 —
1224 2435 1264 2468 al.
1294 2441 1394 2479 caput
1414 2437 1583 2479 Apollinis
1607 2437 1790 2468 laureatum
1811 2435 1856 2467 ad
1876 2435 1906 2465 d.

296 2490 336 2522 al.
358 2497 455 2534 caput
477 2494 632 2526 muliebre
653 2494 794 2525 velatum
816 2493 861 2524 ad
881 2493 1044 2525 dextram.
1065 2493 1092 2535 )(
1126 2482 1340 2536 Vir-'togatus
1363 2498 1453 2525 etam
1476 2493 1522 2524 ad
1542 2504 1586 2532 3.,
1608 2493 1640 2523 in
1658 2491 1729 2523 aliis
1743 2493 1907 2523 columnae

296 2551 449 2587 innixus,
476 2542 600 2582 deaetra
622 2551 829 2583 acrostolium
848 2554 962 2582 tenens
983 2567 1024 2573 —
1046 2551 1083 2581 it.
1103 2550 1219 2582 mulier
1238 2555 1328 2582 stam
1349 2550 1395 2581 ad
1414 2561 1459 2588 3.,
1488 2549 1611 2581 dextra
1626 2549 1840 2580 acroetolium.
1864 2567 1903 2572 —-

302 2603 449 2634 Victoria
471 2610 561 2637 atam
583 2607 628 2638 ad
649 2618 693 2645 s.,
731 2607 853 2639 dextra
884 2606 1013 2638 sublata
1041 2608 1193 2639 corollam
1214 2617 1345 2649 ger-em.
1389 2604 1443 2637 AE.
1468 2609 1498 2637 2.
1521 2609 1550 2638 3.
1573 2610 1605 2636 4.
1652 2603 1736 2635 Vide
1760 2603 1906 2635 Swinton
