2242 2976
732 248 772 280 A.
817 247 982 282 PUNICA
1009 247 1130 282 APUD
1153 247 1383 282 PLAUTUM.
1636 254 1641 258 “
1794 252 1867 288 375

375 344 418 375 V.
441 346 472 375 8.
497 346 517 375 9
540 343 573 374 in
594 341 729 383 Libycis
751 344 962 375 contractiora
984 354 1056 376 esse
1079 343 1246 383 videntur,
1276 343 1334 375 sed
1355 342 1429 375 vide
1449 343 1593 386 possitne
1615 343 1742 376 initium
1761 350 1868 376 textus

247 400 361 442 Libyci
385 401 431 432 ita
452 400 522 431 fere
543 399 609 443 legi
633 406 666 431 et
688 398 846 443 intelligi:

420 470 494 502 Ette
516 481 552 502 se
574 469 677 502 anech
701 480 779 501 naso
806 477 858 502 oct
879 469 923 502 eli
946 469 1070 502 helices

416 526 529 576 ,ηὴῡξῃ
565 528 622 562 *bs
657 535 720 571 πρ»
757 534 824 560 mm
859 531 919 572 *ps
957 534 996 561 rw
1027 536 1075 560 ns

413 582 476 615 hoc
499 593 560 626 ego
582 583 669 622 fero,
700 583 814 615 foedus
838 583 987 626 (signum
1009 582 1169 626 foederis)
1196 582 1370 615 secuudum
1393 583 1477 614 viam
1501 584 1675 626 (morem).

375 651 538 696 Quidquid
566 659 634 692 est,
678 654 756 685 satis
785 658 890 684 certus
920 660 969 685 est
998 654 1164 696 utriusque
1193 655 1366 685 concentus
1395 653 1428 684 in
1460 652 1504 684 V.
1528 656 1588 693 10,
1625 656 1715 687 cuius
1746 662 1867 690 textum

247 710 405 753 Libycum
428 711 475 742 ita
497 710 710 752 disposuerim
733 716 765 740 et
787 710 827 741 ad
850 716 980 750 etymon
1003 709 1212 742 Phoenicium
1235 709 1432 741 revocarim:
1835 703 1845 709 ”

420 780 519 813 Aede
541 790 623 812 anec
646 780 728 811 licor
749 779 831 812 bede
852 783 885 811 si
903 781 996 812 unul
1014 783 1057 812 im
1078 783 1183 812 nimco
1205 780 1239 812 Iu
1262 781 1366 820 dim).

463 845 510 871 nm
540 837 572 871 ab
605 844 679 870 7:272
713 844 756 870 a&
791 837 914 870 bamur>
947 845 1003 871 ῆι
1041 838 1132 873 νώ
1163 843 1322 880 *fuss-17³

419 894 532 926 videus
555 904 616 936 ego
638 893 678 925 ad
700 899 978 935 portamservos,
1005 904 1085 936 quos
1107 893 1330 937 interrogabo,
1363 903 1438 924 num
1465 899 1574 925 notum
1600 895 1631 925 ei
1654 905 1782 927 nomen.

373 962 427 994 Ex
447 962 510 994 hoc
532 964 674 994 maxime
696 973 793 994 versu
815 955 961 1005 apparet,
989 963 1295 1004 Liby-Phoeniciis
1317 962 1417 995 multa
1443 964 1550 994 inesse
1581 963 1776 1004 Phoenicia,
1811 965 1868 996 sed

247 1020 334 1051 varie
357 1025 525 1061 corrupta,
560 1019 701 1050 maxime
724 1018 905 1057 decurtata,
935 1029 966 1050 v.
990 1030 1017 1050 c.
1039 1022 1142 1051 nimco
1166 1019 1409 1060 (fort.'minco)
1431 1030 1487 1061 pro
1509 1029 1652 1060 moneor,
1683 1022 1733 1053 lm·
1755 1031 1812 1063 pro
1834 1022 1869 1053 lu

246 1079 305 1108 sim
337 1074 379 1107 al.
416 1081 450 1106 ut
478 1075 511 1106 in
541 1073 706 1116 Tuggensi
737 1082 801 1106 907:
831 1085 891 1116 pro
920 1075 1024 1114 53973,
1063 1083 1098 1108 ³72
1131 1086 1190 1117 pro
1221 1083 1300 1114 ΜΝ,
1341 1084 1386 1109 ’ω
1410 1087 1468 1117 pro
1490 1085 1571 1109 ms:-
1616 1075 1764 1109 Ceterum
1788 1078 1869 1109 lison-

247 1132 385 1173 (qrmb)
409 1142 450 1163 ex
470 1130 708 1163 Mediolanensi
731 1132 839 1172 recepi
862 1141 919 1172 pro
943 1131 1073 1175 vulgato
1101 1133 1199 1164 lictor
1224 1131 1334 1174 (amb
1343 1132 1366 1173 ).
1402 1132 1407 1136 ”

1001 1225 1030 1263 ς.
1069 1227 1119 1256 14.

467 1290 722 1324 Sententiae
749 1292 941 1325 Punicae
977 1296 1018 1324 in
1046 1292 1142 1324 Act.
1173 1292 1204 1325 V
1227 1303 1279 1324 rc.
1303 1295 1323 1324 2
1352 1294 1652 1335 explicantur.

374 1369 465 1410 Quas
494 1368 654 1400 secundae
684 1379 798 1400 scenae
829 1356 962 1401 Plautus
985 1370 1103 1412 passim
1124 1370 1274 1411 inspersit
1294 1368 1472 1401 locutiones
1494 1369 1649 1408 Punicas,
1680 1379 1738 1401 eae
1760 1377 1869 1401 carent

248 1427 375 1471 quidem
408 1426 548 1468 genuina
580 1426 681 1468 ipsius
717 1429 831 1467 poetae
871 1426 1151 1468 interpretatione,
1190 1432 1222 1457 et
1258 1436 1331 1457 raro
1369 1425 1490 1458 tan¹tum
1528 1437 1570 1458 ex
1607 1425 1868 1458 antecedentibus

246 1482 494 1527 sequentibusve
532 1492 642 1513 earum
679 1482 874 1524 significatio
906 1481 1015 1525 colligi
1044 1488 1163 1524 potest,
1203 1480 1290 1513 velut
1319 1481 1361 1515 V.
1392 1485 1431 1514 35
1483 1482 1541 1524 (cf.
1577 1481 1620 1514 V.
1650 1482 1723 1524 36).
1760 1483 1803 1513 V.
1825 1484 1868 1513 46

246 1541 306 1582 (cf.
334 1539 416 1582 45);
454 1545 594 1570 attamen
627 1539 662 1569 in
700 1538 835 1570 ioculari
873 1539 1039 1581 facetaque
1077 1537 1267 1580 Milphionis
1301 1538 1519 1580 explicatione
1558 1540 1725 1581 egregium
1760 1545 1867 1570 textus

246 1597 360 1629 Punici
400 1594 615 1627 constituendi
652 1594 832 1626 subsidium
869 1594 1042 1633 habemus,
1081 1600 1136 1633 ut,
1173 1605 1269 1637 quum
1308 1594 1348 1626 de
1385 1596 1542 1637 scriptura
1578 1596 1694 1626 certius
1732 1601 1865 1634 constet,

246 1654 371 1685 adiecta
415 1651 677 1693 interpretatione
720 1652 825 1683 minus
871 1662 967 1694 aegre
1005 1661 1180 1682 careamus.
1247 1650 1356 1691 Quum
1395 1652 1481 1682 enim
1523 1652 1572 1682 vis
1613 1652 1734 1682 comica
1769 1652 1867 1682 totius

246 1720 362 1742 scenae
393 1710 425 1739 in
455 1719 494 1739 eo
528 1715 695 1746 cernatur,
734 1709 817 1750 quod
845 1707 983 1749 Milphio
1010 1706 1136 1739 scurrili
1167 1707 1301 1749 quodam
1333 1708 1427 1739 modo
1457 1706 1659 1749 Agorastocli
1681 1708 1800 1739 Punica
1823 1708 1869 1738 ita

248 1768 491 1807 interpretatur,
528 1765 619 1807 quasi
655 1763 750 1795 huius
784 1763 915 1806 linguae
951 1765 1026 1795 soni
1063 1763 1199 1795 Latinae
1240 1762 1362 1795 similes
1396 1766 1478 1806 sint:
1521 1775 1563 1796 ex
1599 1764 1769 1806 nugatoria
1807 1762 1868 1794 hac

247 1821 439 1864 Milphionis
469 1821 748 1862 interpretatione,
787 1830 867 1862 quae
897 1830 977 1851 sono
1000 1819 1118 1862 ubique
1140 1830 1210 1851 cum
1229 1819 1358 1851 Punicis
1380 1822 1551 1852 convenire
1574 1820 1690 1858 debet,
1721 1819 1868 1850 lectionis

248 1880 386 1910 varietas
407 1879 441 1909 in
464 1877 593 1908 Punicis
616 1877 745 1919 egregie
768 1876 902 1908 iudicari
923 1882 1037 1918 potest.
1082 1874 1127 1907 Ut
1149 1882 1289 1907 nostram
1311 1876 1503 1909 Punicorum
1525 1876 1677 1918 analysinA
1694 1875 1868 1907 lectoribus

251 1942 324 1969 ante
354 1933 463 1966 oculos
494 1943 668 1975 ponamus,
699 1933 858 1975 integrum
882 1932 1061 1964 diverbium
1082 1932 1159 1963 inde
1181 1931 1221 1963 ab
1245 1943 1283 1963 eo
1305 1930 1394 1972 loco,
1426 1933 1480 1965 ubi
1503 1933 1620 1965 Hanno
1643 1933 1763 1964 Punice
1781 1931 1869 1973 loqui

248 1992 378 2034 incipit,
416 1989 651 2027 adscribemus,
689 1988 812 2021 Punica
847 1996 952 2020 autem
991 1987 1140 2020 hebraice
1174 1990 1380 2031 transscripta
1411 1996 1443 2020 et
1470 1989 1569 2021 latine
1599 2000 1691 2021 versa
1721 1990 1755 2020 in
1785 1988 1868 2019 notis

245 2047 490 2080 illustrabimus.
545 2045 596 2077 De
626 2046 803 2087 scripturae
825 2047 979 2077 varietate
1010 2046 1042 2076 in
1076 2044 1127 2076 his
1151 2045 1236 2076 notis
1259 2045 1462 2077 diiudicanda
1483 2045 1679 2077 redeundum
1702 2045 1742 2076 ad
1763 2046 1791 2083 ξ.
1817 2047 1867 2082 11,

249 2105 432 2147 superiores
471 2109 576 2134 autem
613 2101 709 2133 huius
746 2112 862 2133 scenae
898 2103 1087 2143 interpretes
1116 2099 1316 2132 laudavimus
1354 2111 1426 2143 pag.
1457 2104 1530 2134 360.
1592 2101 1736 2139 Quorum
1773 2100 1867 2132 facile

247 2161 540 2203 praestantissimus
563 2164 612 2189 est
636 2156 898 2197 Bellermannus,
928 2159 962 2188 in
985 2168 1049 2189 una
1071 2165 1177 2189 tamen
1196 2168 1230 2188 re
1252 2158 1309 2188 vix
1333 2157 1534 2199 probandus,
1557 2158 1640 2200 quod
1656 2157 1866 2200 Milphionem

247 2216 378 2258 linguae
397 2216 536 2248 Punicae
558 2215 626 2246 fere
648 2215 829 2256 imperitum
852 2215 987 2257 cogitat,
1019 2221 1051 2246 et
1073 2224 1239 2256 perversas
1261 2214 1332 2245 eius
1354 2215 1632 2257 interpretationes
1655 2225 1717 2245 non
1742 2212 1867 2244 scurrili

250 2275 318 2305 eius
351 2271 563 2315 petulantiae,
601 2271 656 2303 sed
688 2271 888 2314 ignorantiae
919 2269 1040 2304 tribuit.
1084 2270 1228 2302 Eandem
1258 2269 1408 2303 salmasii
1429 2273 1618 2303 sententiam
1642 2270 1740 2302 fuisse
1774 2269 1867 2300 video

252 2329 312 2369 (ad
341 2328 436 2362 vers.
459 2330 530 2369 542.

351 2400 429 2436 Mil.
471 2400 547 2436 vin'
576 2399 763 2447 appellem
790 2397 891 2434 hunc
913 2397 1078 2434 Punice?
1817 2398 1864 2431 30

354 2463 420 2510 Ag.
472 2464 535 2500 An
560 2463 654 2500 scis?
706 2463 783 2499 Mil.
816 2463 940 2498 nullus
967 2469 1024 2498 est
1049 2474 1110 2498 me
1136 2461 1248 2498 hodie
1274 2461 1419 2498 Poenus
1446 2461 1593 2497 Punior.

353 2528 420 2575 Ag.
473 2529 547 2564 Adi
572 2535 683 2577 atque
712 2528 878 2576 appella,
913 2527 1000 2575 quid
1026 2527 1139 2571 velit,
1178 2526 1266 2575 quid
1292 2525 1449 2569 venerit,

461 2592 532 2637 Qui
559 2595 624 2638 sit,
656 2594 834 2642 quoiafis,
861 2592 962 2629 unde
986 2593 1053 2628 sit:
1086 2604 1134 2628 ne
1158 2592 1325 2640 parseris.

1062 2748 1085 2765 Q
