2242 2976
461 231 522 265 DE
545 229 930 264 INSCRIPTIONIBUS
953 229 1182 264 NUMIDICIS
1205 230 1356 264 SEXTA
1379 230 1438 263 ET
1465 230 1671 264 SEPTIMA.
1803 232 1880 272 449

249 328 282 358 in
306 336 425 369 magna
446 327 584 369 quadam
606 327 750 373 siccitate
773 331 805 358 et
825 324 992 357 sterilitate
1015 324 1133 358 oblata.
1176 324 1360 358 siccitatem
1383 331 1490 357 autem
1513 326 1546 358 in
1563 326 1740 368 praecipuis
1757 326 1878 359 sacrifi·

247 383 369 415 ciorum
399 382 611 415 humanorum
631 394 651 415 a
675 381 889 414 Phoenicibus
911 381 1092 414 oblatorum
1115 382 1236 413 caussis
1259 387 1406 413 recenset
1429 382 1524 413 etiam
1546 375 1742 424 Porphyrius
1764 386 1796 422 2,
1817 386 1874 416 56:

252 439 394 476 Φοίνικες
422 438 456 470 ἐν
484 443 553 476 ταῖς
581 436 728 481 μεγάλαις
763 442 939 481 συμφοραῖς
970 436 988 479 ἢ
1019 437 1161 479 πολέμων
1194 436 1214 479 ἢ
1250 436 1416 478 αὐχμῶν
1448 436 1468 478 ἢ
1506 440 1622 479 λοιμῶν
1654 436 1785 471 ἐθύοντο
1814 443 1875 473 τῶν

247 494 407 537 φιλτάτων
434 495 503 527 τινὰ
531 494 855 538 ἐπιψηφίζοντα·
882 493 1010 538 Κρόνῳ.
1271 534 1284 540 N
1871 489 1876 492 ’

375 555 408 583 4.
452 550 541 582 Idem
564 558 788 594 argumentum
811 557 860 582 est
881 553 1015 593 septimi
1033 549 1168 593 lapidis,
1203 561 1295 593 quem
1319 556 1444 593 praeter
1466 550 1634 583 formulam
1657 550 1786 584 finalem
1811 564 1872 584 non

249 607 412 645 haesitans
442 608 487 640 ita
510 606 618 650 legas:

670 673 775 710 aar*
814 676 859 723 3²
894 660 1055 711 branna
1086 660 1145 712 bn
1171 673 1213 721 γε
1242 663 1279 707 's
1308 664 1343 706 ’ν
1378 673 1453 723 3³⁷0

1082 743 1165 779 rer
1197 744 1258 778 ms
1288 744 1342 780 ω’
1374 733 1453 780 '2³⁷2

323 819 551 856 Immolavt't
569 832 701 856 servus
726 825 839 864 tetus,
873 820 1060 855 Domine!
1082 819 1220 865 filium
1242 818 1533 863 Manambalis,
1556 819 1646 865 filia·
1668 821 1871 858 Jaascher-

323 883 435 928 balae,
473 887 642 936 offerens
666 885 902 931 sacrificium
926 883 1154 921 holocausti.

243 963 387 996 Nomina
414 966 546 1007 propria
580 967 704 1000 §mann
743 965 882 1006 (donum
918 964 1050 1006 Baalis)
1090 971 1123 996 et
1158 964 1306 998 braum*
1345 963 1458 1006 (quem
1493 961 1574 995 Baal
1611 963 1737 997 beatum
1775 965 1868 1008 facit)

242 1018 325 1052 nihil
355 1019 552 1052 difficultatis
578 1020 715 1059 habent,
754 1030 813 1051 nec
842 1019 974 1052 duliium
1005 1027 1074 1058 est,
1110 1021 1185 1062 quin
1215 1021 1323 1062 imago
1356 1019 1447 1061 pueri
1480 1020 1513 1050 in
1543 1019 1649 1062 lapide
1681 1032 1869 1064 comparens

242 1074 463 1108 Mattambalis
491 1075 595 1109 filium
626 1082 844 1118 repraesentet
873 1075 926 1107 vel
957 1082 1043 1108 sorte
1074 1074 1125 1107 vel
1159 1076 1277 1106 civium
1304 1075 1467 1116 suffragiis
1498 1076 1548 1117 (v.
1571 1076 1742 1119 Porphyrii
1762 1077 1868 1111 locum

242 1133 339 1176 modo
369 1131 553 1175 laudatum)
583 1132 740 1171 electum,
780 1139 816 1163 ut
844 1133 942 1163 vitam
972 1142 1030 1174 pro
1053 1130 1138 1163 bono
1160 1129 1289 1172 publico
1308 1129 1526 1172 profunderet.
1572 1131 1676 1164 Unica
1699 1134 1869 1168 difficultas

242 1189 346 1230 posita
377 1195 426 1219 est
454 1190 488 1220 iu
517 1188 655 1220 formula
685 1187 794 1227 finali,
824 1189 964 1219 maxime
993 1186 1035 1219 ob
1064 1187 1144 1218 duas
1166 1185 1289 1217 litteras
1312 1193 1489 1227 postremas
1509 1188 1541 1218 in
1565 1189 1763 1231 autographo
1786 1190 1869 1222 male

242 1243 380 1276 habitas.
426 1244 554 1277 Priores
580 1244 706 1277 litterae
734 1251 825 1276 sunt:
858 1252 1032 1283 ..wo-mm,
1064 1241 1260 1286 paenultima
1288 1243 1430 1280 incerta,
1458 1241 1569 1274 ultima
1590 1242 1691 1290 Sclfin
1714 1245 1764 1277 vel
1789 1247 1868 1280 Tau.

242 1299 310 1332 Iam
351 1309 416 1333 tres
451 1302 575 1343 priores
610 1301 815 1344 pronunciari
850 1301 974 1342 possint
1010 1301 1081 1345 *5229
1102 1298 1280 1338 felicitat,
1318 1298 1453 1329 fortasse
1484 1301 1520 1330 in
1543 1299 1767 1340 felicitatem,
1804 1314 1868 1345 pro

233 1355 412 1395 felicitate
444 1356 540 1389 huius
573 1356 700 1389 illiusve
733 1356 815 1389 loci:
852 1357 907 1388 sed
941 1367 982 1388 ex
1019 1355 1151 1398 reliquis
1191 1364 1283 1388 tuso
1315 1353 1397 1386 nihil
1426 1354 1547 1392 efficio,
1585 1357 1667 1399 quod
1695 1353 1868 1392 lebtoribus

243 1413 379 1445 suadere
406 1414 536 1457 possim.

665 1619 1072 1652 APPENDIX
1133 1617 1445 1650 ALTERA.

245 1705 513 1750 QUATTUOR
539 1704 916 1743 INSCRIPTIONES
942 1704 1241 1741 READIANAE
1269 1704 1339 1740 EX
1364 1703 1549 1740 AFRICA
1577 1704 1866 1744 NUPERRIME

915 1771 1201 1809 ADVECTAE.
1529 1776 1534 1781 ‘

373 1865 480 1904 Quum
515 1867 699 1898 universum
737 1875 818 1907 opus
858 1871 998 1896 nostrum
1040 1871 1166 1907 praeter
1202 1864 1324 1895 indices
1361 1870 1392 1894 et
1431 1863 1660 1906 praefationem
1691 1867 1752 1897 iam
1785 1869 1867 1910 typis

245 1924 439 1965 exscriptum
470 1931 574 1961 esset,
617 1919 716 1954 Frid.
745 1921 875 1960 Ronen,
915 1922 964 1952 vir
1001 1922 1168 1963 egregius,
1205 1926 1440 1962 peropportune
1473 1921 1621 1953 Londino
1658 1921 1751 1954 nobis
1783 1924 1868 1955 misit
1938 1960 1940 1962 v

245 1979 393 2022 exempla
415 1986 564 2022 quattuor
585 1979 827 2020 inscriptionum
849 1978 1062 2016 Punicarum,
1088 1988 1166 2020 quas
1191 1976 1244 2008 Sir
1271 1976 1406 2008 Thomas
1420 1977 1536 2010 Reade
1558 1979 1673 2020 partim
1695 1979 1727 2010 in
1752 1981 1868 2012 veteris

246 2035 452 2078 Carthaginis
481 2035 648 2077 parietinis
677 2036 789 2076 partim
818 2035 850 2066 in
879 2033 1034 2066 Numidia
1064 2033 1363 2075 nuper‘admodnm
1393 2044 1412 2064 a
1441 2045 1475 2065 se
1507 2040 1647 2076 repertas
1668 2035 1867 2067 Londinensi

247 2093 445 2135 antiquitatis
483 2096 695 2123 scrutatorum
734 2090 888 2122 Societati
925 2091 1065 2121 miserat.
1125 2088 1240 2121 Trium
1275 2090 1415 2131 priorum
1451 2088 1652 2133 Carthagine·
1673 2098 1866 2133 repertarum

245 2148 442 2191 autographa
471 2157 570 2189 penes
598 2145 755 2178 Reudium
785 2153 859 2178 sunt
888 2147 1034 2188 proximo
1063 2155 1139 2176 vere
1166 2144 1207 2176 ab
1229 2146 1321 2177 eoin
1344 2144 1494 2188 Angliam
1517 2146 1720 2178 advehenda:
1758 2154 1867 2189 quarta

246 2207 318 2248 rupi
341 2206 455 2236 maiori
477 2204 628 2246 inscripta
648 2204 682 2234 in
705 2204 777 2245 ipso
799 2201 870 2234 loco
890 2202 1083 2234 remansisse
1104 2201 1247 2233 videtur:
1271 2211 1383 2233 omnes
1400 2201 1440 2233 ab
1456 2202 1670 2245 Honeggero‚
1694 2201 1865 2242 Germano,
1887 2196 1890 2199 ’

246 2260 403 2293 Readiani
433 2261 559 2292 itineris
588 2260 646 2301 (ut
666 2259 813 2299 videtur)
842 2260 950 2297 socio,
988 2257 1168 2289 delineatae
1187 2264 1282 2295 sunt,
1315 2259 1359 2289 ita
1381 2258 1507 2301 quidem
1530 2265 1564 2289 nt
1586 2259 1679 2289 trium
1703 2257 1864 2290 titulorum

247 2315 549 2360 Carthaginensium
579 2315 727 2358 exempla
755 2316 918 2347 dimidiam
951 2324 1043 2346 verae
1072 2314 1300 2356 magnitudinis
1332 2320 1453 2356 partem
1483 2313 1632 2344 referant.
1677 2313 1747 2346 Has
1770 2316 1866 2357 igitur

247 2373 313 2405 tab.
333 2374 375 2404 4⁷
397 2373 493 2415 lapidi
517 2374 687 2415 inscriptas
710 2371 772 2403 hoc
793 2370 865 2403 loeo
888 2372 995 2413 paucis
1018 2376 1156 2402 tractare
1178 2371 1281 2402 visum
1307 2377 1365 2402 est.

508 2457 672 2490 LXXXI.
722 2456 829 2488 CAR
843 2455 951 2487 THA
965 2453 1248 2487 GINENSIS
1287 2453 1606 2487 UNDECIMA.

377 2525 494 2567 Lapis,
533 2527 584 2558 cui
614 2524 666 2557 hic
695 2522 805 2556 titulus
827 2524 1018 2566 inscriptus,
1049 2523 1136 2555 haud
1157 2522 1253 2554 dubie
1276 2519 1463 2563 sepulcralis
1485 2528 1551 2559 est,
1588 2530 1622 2553 ut
1645 2521 1754 2554 Carth.
1778 2526 1807 2554 8.
1833 2526 1864 2561 9,

250 2588 283 2614 et
305 2581 369 2614 tres
392 2582 514 2623 priores
537 2583 605 2613 eius
632 2592 742 2613 versus
765 2590 880 2612 nomen
896 2579 1015 2623 sepulti
1029 2590 1101 2612 cum
1117 2585 1205 2622 patre
1221 2585 1252 2610 et
1266 2588 1338 2616 avo,
1362 2583 1427 2609 tres
1441 2579 1635 2619 posteriores
1652 2577 1865 2610 laudationem

1449 2639 1487 2668 57
