2242 2976
332 239 654 285 NUMI'SICILIAE
675 247 735 281 ΕΤ
757 246 1075 280 ADIACENTIUM
1096 245 1372 280 INSULARUM.
1416 244 1478 278 XI.
1504 244 1773 279 SYRACUSAE.
1837 248 1910 284 295

286 344 540 386 interpretandas
568 354 639 375 esse
669 343 883 382 coniecimun,
921 352 1001 384 quae
1030 342 1190 374 sententia
1218 351 1302 372 uunc
1333 339 1481 383 exemplo
1513 340 1614 372 altero
1640 341 1841 373 Londinensi
1871 340 1910 378 B,

285 402 321 433 iu
359 411 421 444 quo
456 400 661 442 intercapedo
696 406 745 431 est
781 401 866 430 inter
901 399 1027 429 tertiam
1065 405 1271 440 quartamque
1307 396 1465 436 litteram,
1511 398 1563 428 ita
1594 396 1823 436 confirmatur,
1875 405 1910 428 ut

287 456 480 489 dubitationi
496 459 570 493 ,vix
607 455 698 488 locus
740 455 947 498 relinquatur.
1017 454 1118 486 Porro
1157 455 1222 485 iam
1259 464 1416 495 quaerens
1433 475 1444 492 ‚
1492 465 1573 496 quae
1610 453 1742 485 Siciliae
1780 453 1856 485 urbs
1891 465 1910 484 a

285 513 470 545 Phoeniciis
506 523 554 547 n&
585 521 653 548 *aaa
680 513 766 552 som
795 515 889 554 rigui
922 522 948 543 s.
978 512 1132 542 miraculi
1163 509 1324 553 appellata
1354 511 1414 549 sit,
1449 510 1527 542 olim
1560 510 1615 552 (ll.
1649 510 1715 551 cc.)
1758 509 1910 542 Thermas

286 570 498 602 Himeremes
541 571 699 613 cogitavi,
741 569 924 600 Poenorum
967 566 1127 599 coloniam
1148 557 1154 564 ⁰
1172 567 1290 609 (Diod.
1331 569 1388 604 13,
1424 567 1506 608 79),
1561 578 1579 598 a
1616 566 1760 598 fontibus
1797 565 1909 598 calidis

285 627 406 666 dictas,
446 637 523 669 quas
550 626 700 672 Minerva
728 624 778 656 vel
806 623 977 666 Nymphae
1005 625 1037 655 in
1072 635 1164 656 usum
1193 622 1345 655 Herculis
1373 622 1420 654 ibi
1449 624 1612 664 aperuisse
1642 623 1827 654 serebantur
1858 623 1908 664 (v.

285 681 388 716 Boch.
417 681 559 714 Canaan.
589 681 650 714 col.
674 681 774 724 515):
809 691 904 724 quam
933 681 1061 723 quidem
1087 681 1280 713 sententiam
1308 679 1384 711 licet
1412 690 1477 711 non
1497 679 1659 722 improbet
1681 678 1909 711 Grotefendius

285 738 429 782 (Blatter
462 738 514 771 fiir
551 737 815 770 Miinzenkunde.
859 740 941 769 1836
977 748 1050 780 pag.
1083 738 1185 778 179),
1226 743 1332 768 tamen
1372 735 1470 768 aliam
1506 737 1656 778 proponit
1692 735 1755 767 sibi
1794 735 1908 778 proba-

283 794 432 828 biliorem
447 817 458 835 ,
502 794 695 837 Lilybaeum
730 793 868 836 intelligi
883 816 893 833 ,
936 794 1120 836 primariam
1157 792 1362 835 Carthaginis
1397 792 1537 824 Punicae
1575 792 1686 824 urbem
1701 815 1710 831 ,
1757 803 1838 835 quae
1877 798 1909 822 et

283 853 355 894 ipsa
384 863 404 883 a
428 856 532 894 puteo
561 851 671 898 (περ.)
701 861 817 882 nomen
847 851 1007 882 invenerit
1044 849 1160 891 (Diod.
1194 852 1250 888 13,
1277 852 1334 881 54:
1371 847 1387 881 ὃ
1422 848 1454 881 δ’
1483 848 1626 889 Ἀννίβας
1659 848 1826 889 ἐκβιβάσας
1854 847 1909 889 τήν

283 907 431 948 δύναμιν,
463 907 814 947 κατεστρατοπέδευσεν,
846 905 1016 949 ἀρξάμενος
1046 905 1105 938 ἀπὸ
1132 909 1188 938 τοῦ
1218 905 1410 948 φρέατος,
1449 904 1466 938 ὃ
1494 904 1564 937 κατ’
1591 906 1723 943 ἐκείνους
1749 905 1807 946 μὲν
1835 905 1910 942 τοὺς

284 964 410 1006 καίρους
432 963 605 1004 ὠνομάζετο
626 962 823 1004 Λιλύβαιον,
844 961 923 1003 μετὰ
946 962 979 993 δὲ
1002 965 1100 993 ταῦτα
1122 964 1249 999 πολλοῖς
1272 961 1350 994 ἔτεσι
1371 963 1451 1004 πρὸς
1471 961 1556 1005 αὐτῷ
1577 963 1757 1003 κτισθείσης
1779 961 1907 1000 πόλεως,

284 1018 382 1052 αἶ’τιον
404 1012 534 1061 ἕγενήθὴ
556 1022 595 1061 τῇ
616 1018 702 1050 πόλει
723 1021 780 1059 τῆς
800 1017 1015 1060 ἐπωνυμίας),
1046 1025 1078 1048 et
1100 1028 1119 1048 a
1140 1017 1359 1050 Phoenicibus
1379 1018 1517 1050 fortasse
1535 1028 1582 1052 na
1601 1027 1669 1052 aa:
1680 1023 1803 1060 putem·
1818 1021 1911 1060 sigui

283 1075 491 1119 (militaris),
526 1086 591 1107 non
615 1079 737 1118 puteus
765 1075 920 1106 miraculi
946 1074 1049 1106 dictus
1079 1075 1130 1106 sit.
1175 1072 1267 1111 Quae
1295 1073 1497 1106 Grotefendii
1520 1076 1704 1106 coniectura
1727 1084 1907 1117 quanquam

282 1133 449 1174 ingeniose
472 1132 655 1174 excogitata
677 1138 743 1169 est,
765 1138 871 1162 tamen
895 1131 935 1162 ad
958 1130 1151 1172 Lilybaeum
1172 1131 1334 1172 pertinere
1357 1130 1417 1162 hos
1437 1141 1568 1169 numos,
1590 1142 1654 1162 non
1677 1130 1831 1162 credibile
1847 1138 1907 1168 est,

283 1200 378 1232 quum
400 1188 496 1220 huius
518 1195 648 1219 moneta
676 1188 834 1229 imagines
863 1198 938 1229 prae
967 1197 1002 1218 se
1031 1186 1113 1217 ferat
1141 1197 1160 1218 a
1188 1188 1292 1218 nostri
1316 1188 1404 1218 numi
1426 1187 1623 1230 imaginibus
1646 1186 1739 1229 plane
1764 1188 1909 1218 diversas

283 1245 452 1285 (Mionnet
481 1243 523 1275 T.
554 1243 569 1275 Ι
599 1255 631 1286 p.
662 1244 758 1284 249):
796 1233 897 1285 neque
926 1244 1028 1285 magis
1061 1243 1195 1274 eandem
1230 1242 1271 1274 ob
1301 1254 1449 1274 caussam
1478 1243 1555 1274 ferri
1585 1250 1717 1285 possent
1752 1242 1908 1274 Thermae

282 1301 494 1333 Himeremes
521 1299 688 1341 (Mionnet
711 1300 790 1332 ibid.
808 1311 836 1342 p.
852 1302 914 1331 239
930 1299 1038 1342 sqq.):
1069 1306 1180 1331 contra
1205 1306 1237 1331 et
1263 1299 1412 1338 Cererie,
1428 1302 1522 1342 ‘quae
1540 1300 1708 1341 Syracusis
1729 1300 1906 1341 impensius

283 1356 466 1396 colebatur,
499 1363 531 1387 et
554 1357 683 1398 Pegasi
702 1357 809 1398 imago
831 1355 1090 1398 frequentissima
1111 1362 1160 1387 est
1181 1357 1215 1398 in
1239 1354 1475 1397 Syracusarum
1498 1363 1626 1388 moneta
1649 1356 1699 1397 (v.
1717 1354 1842 1386 Eckhel
1864 1354 1907 1386 D.

282 1413 325 1446 N.
346 1413 380 1453 I,
404 1424 476 1456 pag.
497 1415 569 1444 243.
592 1416 663 1444 244.
686 1415 759 1444 245.
793 1411 941 1444 Mionnet
962 1410 1002 1443 Τ.
1026 1411 1042 1443 Ι
1070 1423 1101 1454 p.
1125 1415 1186 1444 290
1209 1423 1276 1455 sqq.
1306 1415 1368 1444 316
1390 1413 1489 1455 sqq.).
1539 1412 1577 1444 In
1607 1412 1667 1444 hac
1697 1413 1795 1454 igitur
1823 1411 1903 1443 urbe

272 1470 407 1510 fontem
442 1469 596 1501 miraculi
629 1479 782 1511 quaerere
818 1469 924 1507 iussi,
975 1468 1061 1500 haud
1098 1470 1144 1500 ita
1179 1469 1233 1500 diu
1269 1468 1502 1501 haesitabimus
1538 1469 1768 1510 Syracusarum
1807 1469 1903 1499 situm

279 1526 406 1569 locique
429 1533 575 1559 naturam
596 1532 793 1568 reputantes.
836 1525 964 1556 Etenim
992 1526 1026 1556 in
1056 1524 1288 1565 Syracusarum
1310 1525 1435 1557 ³Imula
1464 1536 1490 1556 s.
1519 1524 1612 1557 Naso
1643 1526 1666 1556 i.
1688 1534 1716 1555 e.
1749 1525 1906 1566 antiquis-

280 1585 363 1615 sima
384 1582 474 1614 urbis
496 1590 585 1625 parte
607 1581 826 1614 nobilissimus
843 1588 912 1612 erat
920 1581 1006 1620 som
1022 1581 1229 1620 Arethusae,
1258 1581 1440 1613 incredibili
1463 1581 1684 1624 magnitudine
1706 1582 1906 1624 pisciumque

280 1639 482 1672 multitudine
511 1640 667 1682 insignis,
707 1649 801 1681 quem
824 1637 960 1680 Alphei,
990 1637 1206 1679 Peloponnesi
1228 1637 1382 1676 fluvium,
1413 1648 1507 1677 esse,
1537 1639 1591 1681 qui
1621 1649 1677 1680 per
1708 1639 1774 1669 ima
1804 1638 1905 1668 maria

280 1698 314 1728 in
336 1706 407 1727 eam
430 1694 567 1727 insulam
590 1695 819 1737 permeaveriss
847 1693 990 1736 vulgaris
1013 1701 1082 1725 erat
1103 1695 1215 1736 ‘opinio
1238 1684 1377 1736 (Strabo
1400 1693 1448 1725 VI
1468 1705 1497 1735 p.
1521 1696 1590 1726 187.
1623 1694 1765 1726 Senecae
1782 1701 1905 1736 quaest.

281 1758 386 1784 natur.
411 1755 440 1789 3,
464 1754 516 1782 26.
547 1750 629 1782 Plin.
653 1754 704 1789 31,
730 1750 790 1792 5),
819 1761 837 1781 a
858 1749 970 1791 plebe,
1009 1753 1063 1792 qui
1090 1751 1172 1781 mira
1199 1761 1343 1793 quaeque
1378 1749 1497 1792 (veluti
1511 1750 1643 1794 fimum!
1659 1761 1731 1781 eum
1755 1751 1905 1782 redolere

276 1820 341 1851 per
367 1808 532 1849 Olympia)
557 1807 596 1838 de
621 1817 659 1837 eo
681 1806 824 1844 ferebat,
855 1813 950 1847 atque
967 1817 985 1836 a
1008 1808 1110 1848 poetis
1133 1808 1220 1838 varie
1244 1813 1398 1838 exornata
1422 1806 1522 1847 (Aen.
1544 1806 1608 1844 ΙΙΙ,
1632 1809 1704 1838 692.
1728 1806 1859 1838 Metam.
1872 1808 1904 1845 5,

281 1868 343 1897 573
357 1865 461 1907 sqq.):
486 1871 519 1895 ut
535 1874 659 1894 summo
676 1864 773 1905 igitur
787 1863 856 1893 iu're
865 1861 950 1900 fone
965 1864 1118 1894 miraculi
1134 1864 1240 1894 vocari
1254 1856 1372 1904 posset.
1402 1862 1436 1893 Si
1454 1864 1524 1904 quis
1541 1863 1622 1894 forte
1637 1865 1782 1901 miretur,
1805 1863 1904 1894 fontis

281 1922 464 1958 cuiusdam,
498 1921 560 1951 etsi
584 1918 779 1950 nobilissimi
801 1920 995 1950 mentionem
1018 1918 1089 1949 fieri
1111 1920 1144 1950 in
1167 1930 1282 1957 numo,
1305 1930 1376 1950 eum
1394 1930 1566 1951 memorem
1585 1930 1656 1950 esse
1674 1919 1782 1959 iubeo,
1807 1921 1905 1950 etiam

280 1980 312 2009 in
343 1978 467 2020 graecis
497 1975 705 2017 Syracusanis
734 1976 868 2017 reperiri
898 1975 1093 2017 epigraphen
1124 1975 1340 2007 ΛΡΕΘΟΣΑ
1368 1974 1515 2015 (Eckhel
1542 1975 1583 2007 D.
1605 1974 1646 2007 N.
1677 1975 1703 2014 l,
1733 1987 1806 2018 pag.
1829 1978 1903 2007 246.

281 2034 430 2066 Mionnet
457 2027 492 2071 1',
517 2033 616 2074 297);
658 2033 830 2074 imaginem
861 2039 966 2063 autem
993 2030 1173 2063 Arethusae
1195 2043 1258 2063 non
1282 2031 1386 2064 solum
1409 2033 1444 2063 in
1469 2031 1698 2073 Syracusanis,
1728 2034 1784 2064 sed
1808 2034 1904 2064 etiam

279 2093 311 2122 in
334 2089 467 2132 reliquis
490 2088 620 2120 Siciliae
643 2090 749 2120 numis
771 2089 1061 2130 frequentissimam
1085 2098 1172 2120 esse:
1195 2087 1343 2131 legatque
1359 2090 1399 2127 is,
1424 2099 1505 2130 quae
1529 2089 1567 2120 ad
1591 2099 1738 2120 caussam
1761 2097 1903 2133 nostram

280 2148 409 2189 egregie
432 2146 671 2177 accommodata
694 2146 772 2176 scite
795 2144 945 2175 observat
968 2144 1142 2176 Eckhelius
1166 2146 1198 2175 in
1221 2144 1463 2187 prolegomenis
1487 2145 1527 2176 ad
1550 2156 1665 2177 numos
1688 2145 1814 2177 Siculos
1838 2145 1900 2186 (D.

282 2202 322 2234 N.
341 2202 382 2234 T.
398 2202 413 2233 Ι
427 2214 457 2244 p.
476 2201 568 2243 185).
613 2224 636 2241 ,‚
646 2201 817 2239 Amabant,
840 2202 954 2243 inquit,
978 2201 1078 2232 Siculi
1099 2202 1131 2232 in
1155 2209 1283 2232 moneta
1303 2212 1361 2232 sua
1384 2211 1562 2243 proponere
1584 2201 1755 2234 fluviorum
1772 2211 1903 2232 suorum

282 2260 410 2290 uomina
433 2266 465 2290 et
486 2258 620 2300 effigies.
664 2258 784 2289 Eorum
807 2264 878 2288 octo
901 2264 976 2288 sunt
993 2259 1158 2298 comperti,
1181 2257 1325 2300 Acragas
1339 2257 1521 2301 Agrigenti,
1544 2258 1731 2290 Amenanus
1747 2256 1901 2295 Catanae,

283 2314 451 2346 Arethusa
474 2314 728 2356 Syracusarum,
758 2313 859 2345 Asine
882 2312 986 2351 Naxi,
1017 2312 1158 2354 Chrysas
1181 2316 1312 2351 Assori,
1340 2314 1437 2347 Galas
1461 2314 1577 2354 Gelae,
1608 2314 1763 2356 Hipparis
1787 2312 1902 2344 Cama-

283 2372 390 2409 rinae,
419 2363 546 2413 Hypsas
573 2370 759 2402 Selinuntis.
803 2370 923 2402 Eorum
947 2369 1070 2411 effigies
1093 2377 1167 2402 sunt
1188 2371 1292 2402 forma
1317 2370 1455 2403 humana
1477 2374 1572 2402 etc.“
1617 2370 1681 2408 Qui
1705 2381 1781 2401 vero
1806 2369 1900 2401 nobis

283 2434 425 2458 occurrat
438 2428 480 2468 (v.
497 2420 710 2459 Grotefend'l.
726 2428 776 2469 c.),
792 2436 860 2461 aa:
871 2431 1008 2468 puteum
1025 2426 1174 2466 eff'orsraem
1193 2427 1319 2470 (φρέαρ)
1336 2429 1438 2470 magis
1454 2427 1686 2470 quamfoneem
1704 2426 1897 2469 significare,

283 2492 355 2512 eum
376 2484 564 2516 remittimus
587 2485 626 2515 ad
650 2483 729 2515 Gen.
755 2487 806 2522 16,
830 2486 850 2515 7
873 2482 947 2514 coll.
971 2486 1019 2514 14.
1042 2487 1093 2521 24,
1111 2487 1160 2515 11.
1177 2487 1225 2516 13.
1245 2487 1295 2523 16,
1319 2495 1360 2516 ex
1376 2483 1490 2526 quibus
1506 2483 1586 2515 locis
1601 2491 1742 2526 apparet,
1767 2483 1897 2513 eosdem

283 2538 405 2576 f⁰¹¹¹esn
442 2541 495 2582 qui
525 2548 593 2575 *oben
614 2542 718 2587 vocati
742 2547 846 2579 erant,
879 2551 955 2572 mox
977 2549 1022 2582 Γ»
1045 2542 1168 2572 vocari:
1203 2552 1307 2584 neque
1329 2540 1423 2572 facile
1447 2539 1562 2582 aliquis
1585 2541 1687 2578 dicat,
1719 2538 1899 2570 Arethusae

243 2602 248 2610 ⁴
283 2594 402 2625 fontem
426 2602 536 2636 sponte
565 2598 599 2629 in
630 2596 799 2640 superficie
828 2603 951 2636 terrae,
990 2607 1050 2629 uec
1084 2597 1167 2629 forte
1203 2597 1355 2629 fodiendo
1389 2603 1493 2628 ortum
1525 2607 1613 2636 esse,
1649 2603 1684 2627 ut
1712 2603 1780 2629 aaa
1810 2600 1898 2626 recte
