2242 2976
352 281 426 320 306
487 277 619 312 Lmen
640 263 843 325 TERTIUS.
887 274 947 308 ni:
969 273 1111 307 Nimis
1134 272 1398 306 rnossmcus.
1442 271 1588 306 cArU'r
1610 272 1842 312 QUARTUM.

478 373 528 405 De
566 371 830 412 interpretatione
866 380 930 401 non
966 367 1099 401 multum
1131 367 1221 400 dubii
1250 374 1310 400 est.
1354 367 1516 406 Litterae,
1557 377 1635 410 quas
1669 367 1735 398 iam
1765 351 1970 398 Rhoetei-dus

354 429 455 474 (opp.
479 439 508 470 p.
533 426 615 468 735)
640 433 725 458 recte
747 425 829 469 legit

1027 477 1132 514 ἰυκ
1172 463 1284 515 5733

352 545 608 589 interpretandae
630 550 706 575 sunt

649 618 757 672 ἾῚΞΝ-
782 607 909 674 ’ἓξὲξ
1292 622 1319 645 a
1344 607 1488 645 ct'm'bus
1517 607 1697 645 Gadium.

478 712 499 736 72
517 710 566 735 est
580 711 617 746 γε
631 704 788 742 auctoris,
811 709 846 734 ut
859 703 893 734 in
913 708 1043 735 moneta
1058 699 1131 733 Beli
1145 700 1180 733 F.
1194 700 1219 732 F
1233 699 1294 733 bis.
1308 700 1338 733 G
1361 701 1446 743 (non
1463 701 1497 732 in
1511 699 1660 731 Panorm.
1675 698 1718 731 H.
1733 698 1778 739 1.‚
1800 697 1857 731 ubi
1871 695 1973 731 Sel&

350 761 488 805 legitur)
518 760 559 792 cf·
583 760 622 791 de
646 758 706 790 hoc
727 760 797 791 eius
817 757 991 801 particulae
1014 769 1074 790 usu
1096 757 1161 790 Jes.
1182 760 1234 797 22,
1258 759 1288 789 3.
1318 760 1369 798 28,
1392 759 1422 790 7.
1451 756 1535 789 Lex.
1558 766 1642 788 man.
1665 767 1696 798 p.
1719 758 1790 789 585.
1818 755 1895 790 ,593
1911 763 1972 797 pro
2014 795 2016 798 y

350 819 422 867 πξζξ
438 840 448 857 ,
491 823 544 849 ιιι,
560 823 596 859 13
634 824 674 859 ’μυ
709 826 767 858 pro
805 825 851 863 '³²3
881 818 934 862 ’,ξιξ
964 813 1070 847 Melit.
1103 817 1140 851 1,
1177 812 1218 846 cf.
1253 824 1366 846 numos
1396 812 1556 845 Sextanos
1587 819 1619 844 et
1648 810 1848 851 Tarsenses,
1890 808 1972 843 nihil

351 876 437 907 enim
460 880 509 905 est
530 872 614 916 quod
638 872 769 914 opponit
790 871 995 903 Hamakerus
1018 870 1133 913 (Misc.
1157 881 1188 913 p.
1205 872 1245 902 85
1264 869 1364 912 inst),
1395 868 1624 902 vocabulorum
1646 878 1682 915 7:
1705 880 1763 912 pro
1785 875 1832 901 ’33
1854 874 1888 899 et
1910 868 1972 902 533

351 941 408 974 pro
438 931 511 964 *¹:5³
544 927 640 960 aliam
672 938 744 959 esse
766 928 934 959 rationem.
984 925 1147 959 Articulus
1177 928 1211 958 in
1240 925 1300 959 hae
1327 936 1497 958 numerum
1526 925 1629 958 classe
1657 925 1774 970 ubique
1797 935 1820 960 κ
1841 931 1907 964 est,
1935 931 1973 957 ut

351 989 384 1019 in
407 986 509 1018 altera
530 993 565 1019 Η.
606 984 744 1016 Reddidi
767 990 893 1016 autem:
918 986 1007 1016 civee
1026 983 1183 1023 Gadanus,
1204 993 1287 1021 non,
1310 989 1345 1014 ut
1361 981 1562 1025 Velasquez,
1585 982 1722 1022 nutem,
1744 981 1972 1024 Lindbergius,

352 1044 477 1075 domim·
501 1041 660 1079 Gadium,
695 1047 727 1072 ct
755 1041 787 1071 iu
818 1040 979 1072 secundae
1002 1038 1115 1071 classis
1137 1038 1324 1081 epigraphe:
1361 1046 1447 1072 ὟυΗ
1469 1039 1555 1074 11533
1576 1041 1697 1071 civitae
1721 1038 1877 1077 Gadium,
1905 1046 1973 1080 non

353 1104 487 1132 senatus
515 1109 540 1130 s.
574 1097 748 1128 domincum
777 1094 915 1128 Gadium
943 1095 1102 1137 (Hamak.
1131 1094 1226 1127 Misc.
1264 1105 1295 1138 p.
1324 1095 1404 1136 85):
1442 1100 1508 1126 tum
1540 1102 1668 1138 propter
1697 1093 1850 1137 loquendi
1877 1103 1971 1126 usum

352 1154 485 1186 Veteris
515 1153 732 1191 Testamenti,
768 1153 801 1184 in
834 1163 896 1195 quo
927 1162 981 1195 ¹³³³?
1011 1151 1083 1200 ’⁷23³-
1111 1161 1272 1194 nunquam
1294 1161 1357 1183 uon
1380 1157 1455 1182 sunt
1476 1154 1564 1183 cives
1585 1150 1676 1183 urbis
1696 1151 1746 1192 (v.
1768 1149 1869 1182 Thes.
1892 1147 1971 1192 ling.

353 1210 444 1242 hebr.
466 1210 492 1249 1,
515 1221 546 1252 p.
572 1210 678 1251 224),
709 1219 773 1240 uon
796 1208 917 1240 domini
938 1209 1008 1239 eius
1041 1206 1139 1248 (licet
1158 1207 1296 1246 fuerint,
1328 1208 1382 1249 qui
1405 1206 1568 1239 nonnullis
1589 1207 1623 1238 in
1646 1205 1726 1238 locis
1748 1207 1794 1238 ita
1814 1206 1974 1248 interprea-

351 1266 536 1307 tur-entur),
574 1274 709 1307 quocum
744 1265 894 1296 convenit
923 1263 1120 1296 Phoenicum
1149 1274 1227 1295 usus
1261 1264 1312 1305 (v.
1335 1262 1454 1296 Athen.
1477 1264 1535 1305 3),
1565 1270 1635 1295 tum·
1653 1269 1781 1305 propter
1802 1262 1903 1304 ipsius
1923 1260 1973 1292 rei

351 1330 505 1355 naturam.
555 1320 632 1352 Sive
661 1320 747 1351 enim
783 1321 948 1352 autonomi
978 1326 1053 1352 snut
1081 1319 1115 1351 hi
1147 1321 1253 1360 numi,
1290 1321 1360 1352 sive
1391 1318 1450 1352 sub
1483 1318 1700 1351 Romanorum
1728 1319 1862 1361 imperio
1890 1317 1972 1356 cusi,

351 1388 462 1410 omnes
501 1376 562 1408 hae
597 1377 743 1408 civitates
777 1375 857 1409 olim
893 1375 1015 1409 liberae
1046 1382 1078 1408 et
1106 1383 1285 1408 mercatura
1314 1375 1484 1415 florentes,
1523 1382 1588 1407 tam
1615 1386 1704 1408 acres
1735 1381 1827 1407 erant
1854 1374 1974 1406 civium

350 1433 511 1466 libertatis
540 1439 810 1476 propugnatores,
845 1439 882 1465 ut
909 1434 965 1465 vix
994 1439 1026 1465 et
1055 1443 1096 1465 ne
1127 1433 1182 1465 vix
1211 1433 1338 1476 quidem
1360 1443 1476 1465 numos
1498 1443 1518 1464 n
1540 1433 1681 1465 dominio
1702 1431 1725 1464 l.
1745 1437 1878 1471 senatu,
1907 1441 1972 1462 non

350 1500 370 1522 a
402 1489 528 1522 civibus
557 1500 583 1521 s.
615 1490 745 1521 civitate
775 1500 869 1522 cusos
898 1491 1149 1522 concessissent:
1187 1487 1326 1521 Romani
1354 1499 1431 1521 vero
1459 1490 1493 1521 iu
1523 1488 1574 1521 his
1603 1488 1701 1521 rebus
1728 1498 1795 1520 non
1823 1485 1972 1519 difficiles

350 1545 484 1578 urbibus
507 1545 590 1577 hanc
610 1544 768 1577 libertatis
789 1547 929 1589 speciem
951 1545 1045 1578 facile
1067 1544 1286 1588 indulgebant.

480 1600 575 1639 Quod
604 1600 748 1643 Bayerus
778 1609 810 1634 et
841 1601 1043 1644 Tychsenius
1070 1600 1133 1643 (N.
1162 1601 1236 1634 Act.
1267 1600 1379 1644 Upsal.
1408 1600 1491 1641 Vll,
1517 1612 1546 1644 p.
1576 1600 1636 1642 98)
1664 1610 1720 1643 pro
1746 1600 1830 1636 59³⁷:
1860 1598 1972 1642 legunt

352 1659 435 1695 §90⁷³
460 1668 540 1701 opus
564 1657 705 1690 Gadium
727 1665 759 1690 et
780 1659 814 1690 in
836 1659 996 1690 secundae
1018 1657 1130 1690 classis
1153 1659 1258 1690 numis
1280 1658 1364 1692 nbse
1387 1655 1513 1704 (nb-ge)
1536 1657 1835 1695 eadenrsententia,
1857 1655 1891 1687 id
1905 1664 1971 1686 non

351 1716 431 1747 adeo
461 1715 603 1756 ineptum
632 1721 699 1754 est,
729 1726 826 1758 quum
855 1715 996 1747 secunda
1023 1713 1132 1746 littera
1161 1724 1276 1746 revera
1303 1715 1399 1746 etiam
1428 1701 1572 1746 Pe'em
1602 1714 1705 1755 possit
1728 1713 1782 1755 (p.
1803 1711 1884 1754 41),
1913 1709 1972 1743 sed

349 1775 487 1815 primum
518 1777 584 1802 tres
615 1769 691 1802 illae
720 1769 846 1803 litterae
879 1770 955 1822 170)
974 1783 1018 1800 =
1038 1771 1099 1806 ²:³³
1128 1777 1191 1802 tam
1221 1769 1403 1813 frequentes
1433 1776 1508 1802 sunt
1536 1770 1569 1801 in
1602 1768 1804 1808 Phoeniciis,
1840 1774 1876 1799 ut
1906 1765 1972 1799 alio

352 1838 446 1872 atque
477 1829 602 1872 vulgari
630 1830 725 1862 modo
754 1841 810 1862 eas
839 1829 949 1873 legere
978 1829 1093 1873 religio
1123 1830 1165 1861 sit
1192 1828 1375 1872 (palaeogr.
1405 1828 1539 1861 Studien
1568 1839 1599 1871 p.
1624 1828 1703 1870 65);
1735 1827 1812 1860 dein
1832 1828 1917 1875 5323:ss
1939 1831 1973 1859 et

351 1888 437 1933 ''¹¹2³'ss
476 1896 555 1927 opus
590 1887 624 1916 in
658 1886 779 1918 Vetere
809 1893 894 1918 certe
925 1885 1134 1918 Testamento
1167 1887 1297 1918 nonnisi
1332 1887 1456 1928 poetice
1486 1886 1634 1916 dicuntur
1660 1895 1720 1928 pro
1748 1886 1843 1932 ,Ἶὶξξτξ
1873 1893 1972 1926 opus,

347 1942 500 1981 fabrica,
530 1948 562 1972 et
583 1943 685 1984 magis
708 1943 747 1974 de
771 1942 831 1974 Dei
855 1941 1004 1984 operibus
1025 1942 1283 1985 frequentantur,
1322 1953 1416 1985 quam
1438 1942 1478 1973 de
1498 1941 1621 1973 fabrica
1642 1940 1800 1977 humana;
1832 1939 1972 1982 denique

351 1999 441 2041 prior
462 1997 557 2028 lectio
582 1998 821 2030 commendatur
844 1999 1052 2031 similitudine
1075 1983 1243 2030 nutrior-um
1267 1997 1494 2036 Tarsensium,
1524 1998 1557 2028 iu
1581 1996 1697 2040 quibus
1713 1995 1810 2028 lectio
1827 1997 1888 2030 533
1905 2005 1970 2028 uon

352 2053 449 2087 dubia
472 2061 528 2085 est.
573 2053 647 2086 Non
669 2056 771 2097 magis
795 2054 979 2097 probandae
1001 2061 1074 2086 sunt
1096 2053 1179 2085 aliae
1202 2053 1374 2086 nonnullae
1393 2053 1542 2085 lectionis
1566 2052 1707 2095 vulgaris
1728 2051 1970 2095 explicationes,

351 2117 387 2142 ut
408 2109 531 2152 Koppii
553 2109 610 2151 (B.
634 2111 698 2142 und
721 2110 812 2142 Schr.
836 2109 878 2150 11,
902 2110 985 2151 208)
1015 2119 1097 2144 Ἶυκ
1119 2111 1203 2152 53ζ373,
1226 2117 1384 2152 „propter
1407 2110 1571 2143 dominum
1591 2109 1644 2150 (in
1663 2108 1818 2141 honorem
1835 2106 1971 2150 domini)

353 2165 522 2199 Gadium“
558 2166 580 2196 i.
604 2176 633 2197 e.
662 2166 829 2206 Herculis3
870 2166 1020 2198 Dutensii
1055 2174 1087 2198 et
1119 2165 1338 2198 Bellermanni
1375 2166 1430 2206 (I,
1453 2169 1516 2207 29)
1553 2175 1636 2202 ’π’-ΗΝ
1672 2166 1756 2214 §23:373
1788 2164 1972 2196 dominator

357 2222 501 2254 Gadium
518 2221 611 2263 (nam
627 2221 697 2252 Piel
713 2224 745 2253 in
763 2222 824 2254 hoc
837 2222 936 2255 verbo
956 2233 1021 2255 non
1035 2224 1187 2255 usitatum
1203 2222 1284 2266 est):
1307 2222 1390 2254 Dan.
1405 2234 1423 2254 a
1438 2221 1550 2255 Coelln
1571 2222 1630 2265 (ad
1645 2220 1746 2264 Zeph.
1760 2232 1789 2264 p.
1805 2220 1846 2263 8)
1861 2221 1922 2256 593
1934 2219 1969 2253 '72

354 2289 412 2321 pro
434 2279 495 2313 '2³2
519 2278 597 2321 Ἴδῃ.
620 2275 623 2279 ’

436 2341 438 2344 ’
456 2333 604 2377 Denique
619 2332 789 2366 observatu
806 2334 936 2376 dignum
952 2342 1012 2374 est,
1027 2342 1155 2368 exstare
1171 2336 1270 2367 etiam
1287 2334 1444 2378 exempla,
1457 2335 1587 2378 quaesin
1601 2335 1706 2366 antica
1719 2344 1814 2376 supra
1822 2332 1974 2376 delphini·

352 2391 525 2434 imaginem
541 2401 597 2432 pro
614 2391 698 2425 55:72
717 2401 812 2422 unam
827 2389 964 2422 litteram
986 2400 1028 2430 72,
1058 2392 1142 2423 infra
1164 2403 1221 2434 pro
1244 2401 1327 2427 Ἷυκ
1351 2402 1446 2423 unam
1468 2390 1606 2423 litteram
1629 2400 1652 2424 κ
1672 2390 1811 2422 habeant
1835 2388 1970 2431 (Lindb.

351 2459 383 2490 p.
401 2451 441 2479 14
454 2445 493 2479 cl.
509 2446 597 2488 IX),
627 2448 660 2478 in
682 2446 797 2490 quibus
818 2447 916 2489 igitur
931 2446 1056 2478 litterae
1076 2456 1098 2480 72
1118 2454 1149 2479 et
1167 2457 1189 2481 et
1205 2449 1374 2481 manifesta
1387 2448 1551 2480 scribendi
1567 2446 1755 2489 compendia
1775 2453 1849 2477 sunt
1871 2446 1971 2477 indici

354 2510 463 2535 nostro
478 2514 509 2546 p.
526 2506 567 2535 54
582 2509 732 2535 contexto
747 2503 900 2535 addenda.
936 2501 1150 2545 Intelligimus
1165 2511 1272 2535 autem
1288 2515 1328 2536 ex
1346 2504 1407 2536 hoc
1425 2502 1593 2546 exemplo,
1616 2504 1705 2534 cuius
1720 2501 1970 2544 explicationem
1986 2535 1989 2537 ,

353 2559 422 2591 sola
444 2560 626 2592 coniectura
648 2570 742 2592 nemo
766 2569 906 2601 unquam
926 2565 1011 2590 recte
1033 2567 1198 2592 assecutus
1220 2567 1324 2600 esset,
1347 2562 1411 2592 nisi
1432 2561 1555 2602 integra
1577 2558 1749 2601 epigraphe
1772 2565 1836 2590 tam
1857 2557 1971 2590 crebra

353 2623 453 2655 esset,
489 2624 638 2659 quantum
669 2615 751 2648 lucis
779 2615 877 2648 lateat
907 2616 942 2647 in
971 2614 1088 2647 litteris
1118 2614 1182 2648 illis
1211 2615 1384 2657 solitariis,
1420 2626 1500 2659 quae
1527 2615 1613 2647 haud
1644 2614 1739 2647 dubie
1770 2616 1968 2658 integrarum
