2242 2976
851 245 1286 279 PRAEFATIO.
1802 248 1883 281 xlu

263 350 405 380 vorum·
439 348 553 389 atque
591 340 825 384 Londinum‚
866 341 932 376 ubi
964 340 1086 378 multa
1119 351 1236 388 eaque
1273 341 1596 389 praestantissima
1635 350 1882 379 monumenta

261 407 447 444 asservari
472 405 656 450 sciebam,
683 405 778 450 adii,
804 411 916 453 atque
940 410 1021 441 tum
1042 404 1273 454 autographa
1298 405 1513 452 diligentius
1534 407 1772 452 examinavi,
1800 414 1881 446 tum

261 478 398 520 ectypa
434 472 572 521 partim
604 470 808 518 sulphurea
842 476 882 515 et
905 481 1046 518 gypsea
1070 470 1209 518 partim
1237 469 1432 507 chartacea
1466 472 1541 517 (ex
1565 471 1692 509 charta
1719 472 1881 520 quadam

261 537 439 573 crassiore
479 546 559 574 non
594 535 798 583 glutinata,
827 534 938 584 plato
954 555 971 562 -
981 547 1109 583 paper
1148 534 1262 582 Angli
1294 541 1452 579 vocant,
1497 536 1710 574 madefacta
1744 538 1882 574 affabre

261 601 454 649 confecta)
479 600 652 638 facienda
678 601 826 644 curavi,
861 610 957 648 quae
981 605 1132 648 postea,
1167 610 1282 647 quum
1308 598 1465 636 domum
1487 600 1699 646 rediissem,
1732 613 1883 639 summa

261 678 351 703 cura
392 673 430 703 et
470 666 655 703 industria
694 677 756 702 me
793 664 1034 702 moderatore
1072 663 1279 701 delineavit
1319 665 1513 701 Gustavus
1562 666 1881 714 Veesenmeyerm,

259 731 367 768 Pauli
396 731 513 776 filius,
552 729 759 774 Ulmensis,
799 730 949 766 iuvenis
981 729 1072 766 artis
1095 729 1430 777 palaeographicae
1457 736 1496 766 et
1519 730 1599 778 ipse
1625 731 1881 779 peritissimus,

259 796 307 832 de
335 797 440 833 cuius
465 795 598 832 studiis
625 802 663 831 et
687 795 920 843 philologieis
946 800 984 830 et
1008 794 1224 842 theologicis
1244 794 1390 830 eximia
1415 806 1584 842 quaeque
1606 807 1756 844 sperare
1770 796 1880 832 iubeo

257 861 530 910 rempublicam
559 860 792 901 litterariam²
853 857 976 902 Quum
1003 859 1166 897 Parisios
1197 871 1346 909 quoque
1374 859 1540 896 adcundi
1567 860 1762 906 consilium
1790 861 1881 896 abii-

259 938 344 962 cere
368 925 518 967 iuberet
543 925 642 970 anni⁰
660 911 970 972 tempestatisque
994 924 1191 971 iniquitas,
1229 931 1561 961 monumentorum
1588 925 1642 961 ibi
1671 932 1881 963 asservato-

258 1002 344 1027 rum
371 997 506 1039 ectypa
526 991 711 1026 miserunt
726 989 845 1037 perill.
863 986 1091 1025 Rachettiaeas
1116 996 1151 1024 et
1172 989 1217 1025 E.
1238 989 1282 1026 G.
1301 988 1521 1026 Schultzt'ue
1542 989 1879 1037 Regiomontanus:

257 1055 536 1093 Hauniensium
570 1054 748 1103 exempla
779 1060 861 1090 tum
893 1053 1043 1090 chartae
1068 1054 1255 1102 impressa
1283 1060 1364 1090 tum
1393 1055 1671 1091 commentariis
1695 1055 1881 1092 illustrata

258 1119 563 1167 Holdeubergius
611 1119 651 1156 V.
692 1118 783 1155 Ven.
797 1145 807 1162 ‚
860 1117 1198 1166 Neapolitanorum
1239 1119 1422 1167 imagines
1460 1131 1482 1156 e
1523 1131 1641 1168 gypso
1682 1131 1882 1168 expressas

263 1184 434 1221 Zalmim
456 1185 659 1230 Professor,
692 1184 916 1221 architectus
942 1183 1207 1221 nobilissimus.
1261 1181 1371 1227 Quae
1392 1183 1543 1232 quidem
1570 1195 1673 1224 nova
1701 1185 1883 1233 exempla

257 1250 324 1288 ubi
360 1262 616 1299 compararem
653 1261 739 1286 cum
774 1248 849 1291 his,
881 1260 983 1296 ,quae
1007 1249 1083 1284 iam
1111 1255 1201 1284 ante
1227 1248 1371 1297 aliquot
1395 1261 1516 1286 annos
1542 1249 1592 1286 ad
1617 1250 1882 1298 exemplorum

259 1314 448 1355 editorum
473 1314 595 1356 fidem,
611 1315 652 1350 in
678 1324 787 1350 usum
813 1314 962 1350 futurae
995 1312 1170 1350 editionis
1202 1319 1352 1361 septem*
1382 1314 1519 1351 tabulis
1553 1314 1677 1354 forma
1710 1316 1882 1351 maxima

257 1379 499 1420 inscribenda
531 1389 776 1421 curaveram,
817 1384 896 1413 tam
930 1377 1060 1418 multis
1093 1378 1197 1413 vitiis
1231 1378 1324 1414 haec
1355 1379 1552 1426 inquinata
1584 1380 1725 1427 reperi,
1766 1386 1809 1415 ut
1836 1390 1882 1416 ea

258 1443 309 1483 ad
336 1453 455 1479 unum
476 1442 605 1478 omnia
628 1441 780 1488 publica
805 1440 889 1476 luce
911 1440 1068 1487 indigna
1090 1447 1130 1477 et
1153 1441 1339 1478 abolenda
1363 1454 1573 1487 censerem,
1599 1454 1711 1491 quam
1728 1443 1878 1491 quidem

256 1509 440 1548 iacturam
468 1506 661 1543 doctrinae
685 1504 942 1542 emolumento
966 1504 1128 1545 libenter
1141 1505 1367 1551 gratificatus
1388 1505 1701 1554 estredemptor,
1727 1508 1787 1545 vir
1804 1519 1881 1544 non

256 1573 375 1621 magis
401 1571 579 1608 honestus
604 1581 718 1619 quam
742 1568 905 1606 liberalis
929 1567 988 1615 ¹⁵).
1041 1568 1085 1604 In
1113 1569 1162 1605 iis
1188 1575 1336 1605 tantum
1362 1570 1688 1622 inscriptionibus,
1723 1583 1880 1619 quarum

257 1636 490 1686 autographa
517 1636 580 1673 vel
606 1635 763 1672 omniuo
786 1634 940 1683 periisse
956 1633 1159 1688 videntur,
1178 1640 1221 1670 ut
1234 1633 1398 1680 Erycina
1412 1640 1451 1670 et
1466 1635 1670 1684 pleraeque
1684 1634 1880 1681 citienses,

257 1703 320 1744 vel
335 1704 376 1741 in
389 1704 473 1751 ipsa
486 1700 616 1738 Africa
630 1705 905 1744 remanserunt,
931 1705 974 1737 ut
991 1698 1205 1746 Tuggensis‚
1231 1698 1447 1744 Gerbitana,
1473 1700 1535 1736 vel
1551 1701 1591 1736 in
1609 1702 1724 1738 maris
1742 1702 1881 1738 interni

198 1756 202 1759 ¹
228 1765 231 1767 ’
257 1768 406 1811 insulis,
431 1773 475 1803 ut
497 1766 641 1810 Sicilia,
669 1764 860 1808 Sardinia,
886 1764 1030 1808 Melita,
1051 1770 1309 1807 asservantur,
1337 1776 1405 1811 ego
1421 1777 1570 1813 quoque
1588 1776 1640 1802 ex
1655 1766 1880 1815 apographis

258 1832 439 1883 pependi,
481 1842 642 1878 quorum
667 1829 761 1865 fides
782 1840 872 1884 =non
907 1829 1044 1876 ubique
1075 1834 1176 1864 certa
1212 1835 1286 1864 est:
1325 1841 1539 1877 quanquam
1570 1830 1704 1868 horum
1730 1843 1880 1879 quoque

256 1897 440 1938 nonnulla
454 1894 670 1944 apographa
684 1900 817 1935 nactus
834 1905 918 1930 sum
933 1893 1119 1941 exemplis
1134 1892 1244 1929 editis
1263 1894 1552 1942 vulgaribusque
1568 1897 1802 1933 accuratiora
1816 1896 1877 1944 ²⁶).

258 1963 300 2000 Si
326 1963 422 1999 forte
451 1961 541 1997 bina
567 1959 746 2007 exempla
768 1965 918 2007 praesto
947 1965 1073 2002 erant,
1106 1959 1183 1995 suis
1207 1970 1376 2006 quaeque
1402 1960 1605 1996 virtutibus
1630 1962 1810 2008 insignia,
1838 1969 1879 1999 ut

255 2029 297 2064 in
329 2026 533 2074 Tuggensi,
569 2023 787 2068 Turinensi,
823 2022 1191 2072 Carpentoractensi,
1225 2024 1416 2060 nonnullis
1441 2022 1687 2070 Citiensibus,
1722 2032 1878 2075 utraque

257 2092 365 2136 dedi,
396 2098 441 2127 ut
465 2090 716 2137 intelligerent
741 2089 915 2133 lectores,
949 2082 1137 2137 quomodo
1163 2089 1203 2124 in
1226 2095 1338 2125 textu
1359 2089 1612 2137 inscriptionis
1638 2089 1686 2126 ad
1712 2091 1877 2138 plurium

255 2157 516 2206 exemplorum
537 2154 650 2191 fldem
678 2153 939 2190 constituendo
965 2161 1137 2190 versatus
1163 2165 1294 2190 essem.
1329 2175 1362 2181 -
1396 2153 1441 2190 In
1468 2166 1670 2191 numorum
1696 2155 1876 2204 (quorum

256 2221 434 2274 exempla
442 2231 647 2270 permagno
662 2231 820 2256 numero
836 2219 1004 2266 exstant)
1020 2218 1232 2268 epigraphis
1249 2218 1403 2256 edendis
1420 2230 1498 2256 non
1511 2219 1645 2257 eodem
1660 2220 1773 2258 modo
1786 2221 1877 2258 mihi

320 2344 371 2386 15)
394 2344 710 2385 Inmiptionumiam
723 2343 872 2373 editarum
893 2344 1034 2383 exempla
1100 2345 1195 2375 ratius
1225 2344 1401 2383 exemplum
1424 2355 1442 2373 a
1461 2344 1585 2375 Ludov.
1610 2346 1718 2375 Rossio
1743 2346 1800 2374 inm
1824 2345 1876 2374 diu

255 2410 274 2430 a
297 2399 386 2431 uobis
402 2398 442 2428 aa
457 2396 684 2439 autographum
711 2395 869 2426 emendata
893 2397 1033 2427 dedimus
1101 2402 1147 2428 est
1161 2396 1243 2436 quod
1258 2396 1332 2436 petii
1342 2418 1351 2434 ,
1377 2397 1432 2426 sed
1446 2397 1583 2428 nondum
1598 2398 1769 2437 impetravi.

256 2453 290 2482 iu
312 2451 414 2483 Melit.
435 2454 464 2481 Ι.
483 2453 516 2481 2.
530 2449 658 2482 .Athen.
679 2452 709 2478 1.
727 2450 758 2478 2.
780 2448 843 2478 cit.
860 2451 891 2479 2.
917 2449 1029 2479 Carth.
1166 2447 1218 2488 16)
1241 2449 1320 2478 Vide
1342 2449 1443 2480 Melit.
1468 2452 1487 2479 3
1500 2472 1508 2486 ,
1532 2451 1712 2480 Porteriana
1737 2448 1875 2487 exempla

258 2508 291 2535 1.
317 2507 352 2535 Ω,
380 2506 414 2535 3.
436 2503 468 2532 4.
496 2505 528 2535 ,5.
563 2504 595 2532 8.
650 2500 779 2532 Numid.
810 2504 841 2531 2-
868 2503 905 2532 2.
936 2504 967 2531 3.
996 2501 1028 2531 4.
1101 2501 1165 2534 eit.
1184 2501 1217 2531 4.
1236 2503 1289 2530 21.
1306 2504 1369 2538 23,
1396 2511 1472 2541 prae
1488 2503 1596 2532 ceteris
1607 2502 1691 2531 tituli
1707 2500 1875 2540 Tuggemia

257 2555 379 2595 Tripol.
404 2558 435 2584 1.
458 2557 495 2590 2,
532 2553 718 2593 Babylonios
738 2562 791 2582 no.
808 2554 850 2584 77
861 2574 871 2590 ,
903 2554 1031 2592 gemmis
1099 2554 1224 2583 tertium
1241 2553 1417 2593 exemplum
1434 2555 1495 2584 tab.
1516 2556 1558 2585 48
1575 2555 1700 2584 editum.

256 2617 309 2637 no.
324 2609 364 2637 67
378 2604 443 2644 tex-¹,
467 2609 521 2637 70.
540 2622 583 2629 -·
604 2604 804 2635 Atheniensis
819 2606 923 2635 tertiae
938 2610 1031 2635 accu-

1320 2674 1337 2694 c
