2242 2976
445 274 819 308 PALAEOGRAPHIA
843 274 1127 307 COMPARATA.
1171 275 1217 307 A.
1250 272 1496 313 SCRu’TURA
1521 273 1707 307 GRAECA.
1834 277 1882 313 65

482 370 527 402 A.
574 368 729 401 PRISCA
751 367 1029 401 GRAECORUM
1048 366 1299 401 SCRIPTURA
1322 365 1419 400 CUM
1440 366 1653 400 FILIABUS.

1015 463 1043 500 §.
1074 464 1126 493 46.

716 529 870 561 Prisca
908 529 1163 566 Graecorum
1197 530 1431 569 scriptura.

388 600 460 638 Quo
482 609 624 643 tempore
644 606 677 631 et
698 609 718 631 a
741 609 803 641 quo
823 598 949 631 litterae
969 598 1163 630 Phoeniciae
1189 599 1229 629 ad
1259 596 1400 629 Graecos
1425 596 1551 630 delatae
1581 599 1663 637 sint,
1691 609 1754 642 qua
1785 600 1824 631 de
1846 612 1880 632 re

258 657 342 697 apud
372 658 459 699 ipsos
487 664 613 688 veteres
642 656 750 688 variae
785 663 876 687 erant
905 656 973 687 sive
1005 656 1192 686 traditiones
1222 647 1291 686 sive
1320 654 1486 686 doctorum
1518 655 1879 698 hominumopiniones

259 712 394 754 (Herod.
417 716 455 752 5,
479 716 530 746 5⁷.
553 716 604 745 58.
627 712 721 744 Diod.
742 715 781 750 5,
804 712 876 753 24),
907 711 1002 743 nobis
1031 721 1116 742 nunc
1144 712 1273 752 quidem
1300 711 1466 752 disputare
1496 721 1559 741 non
1583 698 1691 750 raom,
1720 724 1880 755 unumque

258 769 411 810 probasse
431 770 587 809 sufficiat,
620 771 652 801 id
682 779 702 800 a
731 768 944 800 Phoenicibus
969 767 1086 799 factum
1117 778 1207 806 esse,
1239 777 1342 810 neque
1373 777 1450 798 vero
1480 768 1599 798 sensim
1623 769 1881 811 pedetentimque

256 827 395 867 primam
417 826 575 866 sedecim,
609 827 684 858 dein
711 824 852 868 reliquas
880 824 1021 863 litteras,
1052 825 1109 856 sed
1137 834 1249 855 omnes
1272 822 1434 865 alphabeti
1455 823 1619 855 orientalis
1641 823 1763 856 litteras
1785 824 1880 857 simul

257 892 299 913 ex
323 882 498 915 Phoenicia
519 894 590 915 esse
612 881 742 921 allatas,
765 889 877 924 postea
899 880 971 913 allis
994 892 1037 913 ex
1059 880 1254 912 Graecorum
1277 881 1409 922 ingenio
1429 886 1548 912 auctas.

383 939 422 971 Id
443 942 527 971 enim
549 950 590 971 ex
612 951 651 971 eo
673 945 823 982 apparet,
853 939 937 981 quod
959 938 1199 980 antiquissimae
1220 936 1345 968 litterae
1366 947 1502 978 graecae
1523 939 1652 968 A-T
1669 947 1742 968 cum
1765 938 1879 979 viginti

256 994 381 1027 duabus
398 995 580 1028 Phoeniciis
594 996 708 1028 litteris
722 1004 794 1029 tt—
803 1005 825 1028 n
839 993 932 1036 plane
949 994 1156 1031 conveniunt,
1177 994 1247 1024 sive
1263 992 1439 1024 litterarum
1451 992 1598 1031 formam
1608 998 1879 1036 paneademque,

255 1052 324 1082 sive
347 1061 457 1084 earum
481 1053 626 1084 ordinem
646 1059 679 1083 et
701 1055 831 1083 nomina
853 1056 996 1093 spectas,
1021 1050 1192 1081 dummodo
1214 1048 1367 1080 observes
1378 1050 1424 1085 *):

383 1111 413 1139 1.
458 1107 524 1140 Ubi
547 1120 566 1141 a
589 1109 703 1140 dextra
721 1109 760 1139 ad
783 1109 944 1139 sinistram
969 1106 1112 1138 scribunt
1129 1105 1246 1137 Graeci
1261 1105 1475 1147 antiquiores,
1500 1104 1677 1137 litterarum
1692 1117 1878 1149 graecarum

247 1164 364 1203 forma
384 1175 456 1196 cum
478 1165 647 1207 phoenicia
669 1167 702 1196 in
726 1164 887 1207 plerisque
908 1164 1010 1205 signis
1026 1173 1156 1205 prorsus
1171 1162 1329 1204 congruit,
1352 1162 1459 1202 idque,
1483 1162 1566 1204 quod
1581 1162 1681 1204 probe
1696 1163 1879 1202 tenendum,

257 1230 327 1252 cum
363 1221 603 1264 antiquioribus
632 1221 830 1253 Phoenicum
862 1219 992 1262 figuris
1031 1219 1082 1261 (v.
1113 1219 1153 1250 ad
1181 1220 1210 1258 §-
1241 1217 1420 1259 12—33),
1457 1228 1554 1260 quum
1586 1226 1696 1250 contra
1724 1220 1880 1261 scriptura

257 1286 406 1308 aramaea
435 1288 477 1309 ex
506 1278 738 1310 recentioribus
766 1287 878 1308 eorum
903 1275 1017 1318 figuris
1043 1282 1200 1318 prognata
1226 1276 1277 1306 sit.
1323 1272 1517 1316 Quanquam
1542 1281 1648 1307 autem
1679 1282 1799 1307 certum
1822 1280 1879 1314 est,

255 1334 478 1376 antiquissimo
500 1340 642 1376 tempore
665 1333 747 1365 hanc
778 1332 942 1365 scribendi
966 1333 1122 1363 rationem
1150 1331 1232 1373 apud
1256 1329 1398 1362 Graecos
1419 1332 1515 1362 etiam
1538 1330 1758 1374 pervulgatam
1780 1331 1879 1364 fuisse

258 1388 344 1431 (talis
366 1391 450 1420 enim
473 1401 492 1421 a
517 1389 649 1421 Graecis
670 1390 711 1421 ad
733 1389 886 1420 Etruscos
914 1388 1093 1430 pervenit),
1126 1389 1219 1429 pauci
1245 1394 1351 1418 tamen
1380 1385 1463 1418 tituli
1486 1389 1604 1418 servati
1626 1395 1720 1426 sunt,
1752 1389 1806 1429 qni
1828 1387 1880 1419 vel

202 1478 205 1481 ,
255 1446 373 1488 integri
396 1445 449 1477 vel
470 1456 512 1478 ex
535 1452 623 1488 parte
651 1443 931 1487 (βουστροφηδὸν)
959 1442 1107 1475 orientali
1131 1454 1222 1475 more
1251 1444 1376 1475 exarati
1405 1444 1471 1474 sint
1504 1445 1655 1486 ipsasque
1685 1443 1878 1475 Phoenicum

256 1500 379 1533 litteras
406 1502 547 1533 referant
555 1503 615 1544 **):
650 1503 683 1533 in
705 1503 747 1533 iis
767 1511 843 1533 vero
867 1499 1031 1532 titulorum
1053 1499 1219 1539 versibus,
1242 1501 1295 1543 qui
1316 1511 1335 1531 a
1356 1500 1488 1531 sinistra
1503 1501 1548 1535 ,ad
1569 1500 1715 1532 dextram
1737 1508 1879 1539 currunt,

255 1556 426 1600 pleraeque
455 1558 581 1590 litterae
612 1560 759 1590 inversae
779 1563 871 1595 sunt,
902 1557 948 1588 ita
969 1563 1022 1595 ut,
1053 1565 1134 1598 qnae
1165 1567 1275 1588 earum
1302 1557 1408 1597 capita
1440 1554 1635 1597 brachiaque
1666 1557 1699 1587 in
1732 1556 1879 1588 orientali

253 1643 412 1685 scriptura
441 1643 602 1675 sinistram
631 1648 813 1686 spectarent
844 1630 887 1715 Ρ
907 1665 917 1681 ,
947 1653 1032 1674 nunc
1058 1642 1203 1674 dextram
1225 1644 1368 1683 spectent
1405 1629 1446 1710 ἦ
1462 1664 1472 1681 ‚
1501 1651 1581 1683 quae
1612 1639 1735 1684 figurae
1769 1649 1878 1684 postea

254 1723 343 1755 solae
358 1709 508 1755 *retentae
530 1731 616 1756 sunt.
660 1723 746 1755 Vide
769 1726 934 1768 utriusque
956 1724 1086 1767 generis
1104 1723 1225 1755 formas
1247 1722 1312 1755 tab.
1335 1725 1374 1762 2,
1397 1722 1458 1756 col.
1481 1727 1510 1756 1.

384 1791 413 1819 2.
457 1788 652 1820 Litterarum
669 1794 821 1830 potestas
843 1800 1020 1833 quanquam
1035 1790 1067 1820 in
1090 1789 1275 1820 universum
1291 1789 1324 1820 in
1341 1795 1474 1831 utraque
1491 1788 1552 1819 hac
1573 1787 1751 1820 litteratura
1765 1789 1875 1821 eadem

254 1847 316 1882 sit,
340 1843 495 1876 nonnulla
516 1851 621 1876 tamen
645 1856 702 1887 pro
727 1846 853 1878 diversa
875 1848 1039 1889 utriusque
1061 1845 1191 1888 linguae
1211 1844 1319 1876 indole
1342 1845 1492 1876 mutanda
1515 1851 1614 1876 erant.
1661 1843 1876 1886 Quum-enim

253 1900 501 1943 aspirationibus
522 1902 673 1944 sonisque
696 1902 910 1944 gutturalibus
934 1903 1052 1945 (annu)
1075 1902 1251 1933 abundaret
1270 1890 1473 1943 alphabetum
1498 1901 1720 1943 phoenicium,
1750 1900 1877 1933 vocales

253 1967 330 1988 vero
343 1958 399 1988 vix
417 1956 498 1988 ullas
516 1956 719 1999 haberetm),
743 1957 875 1991 Graecis
891 1967 1012 1997 contra,
1034 1960 1067 1990 in
1082 1957 1328 2000 aspirationibus
1343 1964 1393 1989 sat
1406 1958 1522 2000 parcis,
1545 1957 1579 1988 id
1600 1958 1758 1999 agendum
1781 1964 1875 1997 esset,

253 2021 288 2044 ut
311 2015 407 2044 etiam
430 2012 558 2044 vocales
581 2014 725 2055 (maioris
747 2013 820 2047 illas
842 2017 874 2046 in
899 2015 1010 2058 lingua
1034 2026 1110 2054 sua,
1134 2025 1228 2057 quam
1250 2015 1282 2045 in
1306 2014 1491 2056 phoenicia,
1512 2015 1677 2054 momenti)
1698 2016 1875 2045 accuratius

252 2070 474 2112 designarent:
498 2069 674 2112 gutturales
690 2068 861 2103 nonnullae
875 2073 908 2104 in
926 2072 1104 2104 subsidium
1120 2078 1250 2102 vocatae
1265 2077 1297 2102 et
1311 2070 1477 2103 vocalibus
1493 2070 1698 2113 designandis
1713 2070 1875 2102 adhibitae

253 2134 345 2164 sunt,
366 2126 451 2158 hunc
473 2127 506 2157 in
533 2126 679 2158 modum:

425 2181 573 2224 Spiritui
592 2193 710 2225 aspero
731 2185 929 2227 designando
952 2185 1130 2216 adhibitum
1154 2191 1204 2216 est
1229 2184 1309 2216 Chet
1327 2183 1411 2225 (H),
1435 2184 1518 2226 quod
1534 2183 1596 2214 hac
1608 2189 1764 2226 potestate
1779 2184 1873 2214 etiam

336 2239 376 2270 ad
398 2238 560 2271 Romanos
583 2242 724 2279 transiit,
747 2243 849 2273 serius
873 2243 1000 2273 demum
1021 2253 1041 2273 a
1064 2241 1195 2273 Graecis
1218 2239 1337 2272 vocalis
1358 2240 1423 2272 vim
1445 2241 1578 2282 accepit.

303 2357 330 2391 Ψ)
349 2358 392 2386 Cf·
414 2358 511 2385 librum
538 2363 623 2385 nostr.
650 2360 738 2385 Gesch.
760 2361 805 2385 der
823 2361 889 2385 hebr.
914 2361 1027 2393 Spmehe

251 2408 302 2432 aad
321 2406 415 2439 Solu-ist
440 2416 467 2441 p.
489 2407 539 2434 162
556 2416 615 2441 sqq.
649 2408 746 2433 Inanes
764 2416 911 2441 parumque
934 2408 1026 2434 doctas

251 2455 414 2489 hypotheses
431 2455 551 2482 continet
572 2456 677 2482 Hezelii
695 2456 818 2483 libellus:
844 2458 1028 2490 Paliz'ographi-

252 2503 308 2528 cehe
326 2506 474 2536 Fragmente
497 2506 557 2530 iiber
585 2506 626 2530 die
653 2505 746 2536 Schrist
768 2507 814 2530 der
835 2506 954 2530 Hebriier
974 2506 1027 2530 um]

253 2551 382 2577 Graecam.
413 2551 505 2577 Berlin
525 2553 599 2579 1816.
619 2553 646 2579 8.
682 2552 723 2579 cf.
743 2552 859 2589 Allgem.
877 2552 939 2579 Litt.
953 2553 1024 2580 Zeit.

255 2599 335 2630 1816,
356 2607 382 2632 p.
403 2601 461 2626 153.
482 2600 534 2627 154

302 2644 344 2678 **)
362 2646 468 2673 Titulos
483 2657 558 2675 more
576 2649 701 2676 orientali
721 2659 736 2676 a
754 2651 848 2676 dextra
869 2650 902 2676 ad
919 2650 1025 2677 laevam

1094 2363 1246 2392 currentes,
1273 2360 1320 2386 sed
1345 2359 1425 2385 unius
1451 2367 1547 2385 versus
1570 2359 1677 2385 modum
1704 2366 1759 2384 non
1784 2366 1870 2383 exce-

1095 2408 1188 2434 dentes
1208 2416 1235 2434 v.
1256 2408 1325 2442 apud
1344 2409 1495 2434 BoeckJu'um
1514 2414 1559 2450 no.
1578 2408 1621 2433 31.
1641 2408 1675 2433 33
1703 2406 1747 2432 35.
1764 2406 1806 2432 36.
1827 2407 1868 2431 37.

1095 2455 1145 2489 40,
1163 2457 1364 2489 bustrophedon
1382 2456 1496 2489 scriptos
1515 2463 1560 2480 no,
1582 2457 1604 2480 1.
1623 2456 1646 2480 8.
1669 2456 1694 2481 9.
1710 2455 1752 2479 23.
1770 2455 1814 2480 27.
1827 2454 1869 2479 39.

1146 2552 1204 2584 ***)
1226 2552 1380 2580 Phoenices
1402 2560 1507 2584 perraro
1533 2550 1630 2576 litteris
1657 2548 1787 2573 debilibus
1806 2554 1868 2572 usos

1095 2609 1172 2633 esse,
1205 2601 1249 2627 ubi
1272 2600 1406 2627 vocalium
1432 2602 1589 2633 potestatem
1616 2597 1759 2626 haberent,
1790 2603 1868 2628 supra

1094 2649 1212 2675 vidimus
1230 2648 1256 2682 §.
1276 2648 1319 2674 40.

1470 2698 1489 2725 9
