2242 2976
726 244 924 278 LINGUAE
944 243 1140 278 INDOLES
1164 243 1223 277 ET
1245 243 1467 277 HISTORIA.
1833 250 1906 286 339

1046 340 1075 378 §-
1115 341 1144 373 5.
1847 328 1852 334 ‘

289 397 448 436 Quibus
481 402 528 430 in
562 397 823 440 regionibus
857 402 898 430 et
936 398 987 430 ad
1019 398 1125 442 quod
1156 406 1283 439 ueq'we
1313 401 1475 440 tempus
1503 401 1698 441 viguerit
1726 399 1902 442 linguae

863 446 1148 487 'phoeniciae
1182 463 1278 485 urus
1293 456 1310 486 ‚²
1333 460 1343 471 '

412 522 465 554 Ad
493 522 575 554 hanc
604 524 821 565 quaestionem
850 523 882 553 in
912 523 1096 553 universum
1118 522 1163 553 ita
1184 521 1410 563 respondeam:
1442 520 1606 554 Sermonis
1633 533 1725 555 usum
1747 525 1900 566 viguisse,

284 579 465 621 ubicunque
494 581 680 621 scripturae
709 584 916 610 monumenta
943 584 1068 620 reperta
1095 579 1160 609 sint
1187 578 1236 619 (ξ.
1258 579 1287 608 5.
1310 577 1368 617 6):
1407 577 1464 608 sed
1494 577 1590 610 latius
1619 585 1726 611 tamen
1747 582 1901 622 patuisse,

283 645 381 677 quum
402 634 512 677 lingua
526 641 619 678 atque
635 634 789 666 dialectus
802 634 997 665 Phoenicum
1015 633 1122 665 multis
1138 633 1274 665 fortasse
1289 632 1407 665 seculis
1420 641 1492 665 ante
1506 633 1628 666 litteras
1643 635 1683 667 ab
1696 637 1736 667 iis
1753 637 1900 670 inventas

284 691 414 742 exculta
436 692 496 730 sit,
524 698 556 723 et
577 691 630 723 hic
652 690 720 722 illic
741 691 824 722 inter
843 689 986 732 plebeios
1009 698 1041 721 et
1062 691 1095 721 in
1117 700 1191 721 rure
1215 690 1378 721 etiamtum
1400 691 1590 732 perdurasse
1613 681 1774 731 videatur,
1803 704 1898 736 quum

282 748 457 789 scripturae
480 758 557 779 usus
578 749 643 778 iam
666 746 844 779 exoluisset
866 748 914 787 *):
950 747 1092 789 viguisse
1114 747 1211 788 igitur
1234 753 1359 787 praeter
1390 747 1492 788 ipsam
1514 746 1695 779 Phoenicen
1719 748 1900 793 ubicunque

281 802 461 835 Phoenices
481 802 624 835 colonias
646 802 853 842 collocarint,
887 802 995 844 ibique
1017 803 1223 844 perdurasse,
1253 802 1354 833 donec
1376 804 1487 844 primis
1509 810 1580 845 post
1601 802 1678 835 Chr.
1701 812 1767 837 nat.
1782 805 1898 838 seculis

281 859 467 891 evalescens
488 858 619 902 linguae
642 859 784 891 Graecae
805 866 836 890 et
856 859 992 890 Latinae
1013 869 1090 890 usus
1112 857 1239 900 linguas
1255 857 1409 890 barbaras
1423 859 1455 890 in
1472 861 1622 891 universo
1642 859 1719 892 orbe
1740 860 1897 902 Romano,

281 917 369 957 prius
390 917 424 947 in
446 915 579 948 urbibus
602 923 634 947 et
656 917 738 958 apud
762 915 955 953 nobiliores,
986 914 1147 957 aliquanto
1170 920 1243 956 post
1263 915 1297 945 in
1318 925 1392 945 rure
1415 921 1446 946 et
1468 916 1550 957 apud
1572 915 1733 958 plebeios,
1768 928 1898 959 prorsus

280 973 497 1003 summoverit.
551 971 658 1009 Quum
681 982 757 1002 vero
781 973 814 1002 in
836 973 907 1013 ipsa
929 970 1125 1002 coloniarum
1147 969 1394 1002 Phoeniciarum
1417 971 1550 1003 historia
1572 972 1670 1004 multa
1691 974 1813 1005 incerta
1833 976 1899 1007 sint

280 1035 311 1059 et
339 1028 523 1059 coniectura
551 1029 775 1058 contineantur
802 1027 866 1068 ³⁰),
903 1027 962 1065 iis,
996 1036 1076 1067 quae
1104 1027 1168 1057 iam
1195 1026 1253 1058 lib.
1276 1026 1292 1057 I
1324 1029 1353 1065 §-
1375 1030 1395 1058 6
1431 1027 1470 1058 de
1500 1029 1673 1070 scripturae
1704 1029 1897 1062 Phoeniciae

279 1085 701 1125 monumentis·eorumque
723 1084 824 1125 patria
847 1089 878 1113 et
901 1088 1005 1114 aetate
1029 1082 1275 1124 disputavimus,
1313 1084 1441 1123 nonnisi
1464 1094 1503 1114 ea
1525 1084 1642 1115 addere
1664 1083 1786 1126 placet,
1818 1097 1898 1129 quae

279 1138 331 1170 vel
359 1146 446 1171 certa
475 1140 610 1181 quadam
631 1131 774 1170 ve'terum
797 1140 985 1170 auctoritate
1007 1139 1149 1169 nitantur
1173 1137 1223 1169 vel
1246 1149 1287 1170 ex
1311 1140 1475 1170 nominum
1498 1141 1699 1182 propriorum
1729 1141 1836 1173 indole
1865 1149 1897 1174 et

278 1197 403 1237 origiue
426 1195 633 1238 probabiliter
661 1194 747 1226 effici
775 1201 917 1237 possunt.

406 1250 451 1283 Ut
479 1252 519 1283 ab
541 1253 611 1294 ipsa
633 1251 800 1283 Phoenice
826 1253 953 1283 initium
974 1251 1147 1290 faciamus,
1182 1252 1216 1282 in
1240 1250 1300 1282 hac
1320 1249 1416 1282 huius
1438 1253 1596 1283 sermonis
1620 1255 1720 1295 patria
1741 1266 1898 1297 perpauca

278 1313 400 1339 tantum
429 1309 498 1339 eius
525 1309 708 1339 testimonia
736 1314 907 1349 supersunt
934 1306 1014 1350 (lib.
1039 1306 1055 1338 Ι
1083 1309 1112 1345 §-
1136 1309 1174 1346 6,
1198 1307 1257 1348 1),
1293 1317 1391 1349 quum
1413 1317 1515 1350 neque
1537 1308 1702 1341 domestici
1724 1312 1895 1353 scriptores

278 1375 381 1406 neque
410 1365 633 1406 inscriptiones
663 1364 704 1395 ad
733 1371 875 1395 nostram
898 1370 1034 1395 aetatem
1057 1364 1274 1405 pervenerint,
1316 1363 1503 1394 Pei-duravit
1523 1374 1600 1395 vero
1624 1371 1655 1396 et
1678 1366 1733 1397 vix
1755 1377 1894 1409 unquam

276 1421 448 1453 intercidet
477 1419 607 1463 linguae
629 1419 822 1452 Phoeniciae
860 1420 1015 1451 memoria
1043 1420 1077 1450 in
1107 1420 1232 1461 scriptis
1262 1418 1505 1458 Hebraeorum,
1544 1431 1678 1462 quorum
1715 1433 1895 1454 sermonem

277 1482 349 1508 cuin
370 1476 544 1508 Phoenicio
565 1487 669 1519 paene
691 1487 748 1518 per
770 1477 879 1508 omnia
900 1476 1072 1508 convenire
1094 1476 1249 1507 vidimus:
1284 1476 1353 1507 sive
1376 1476 1518 1507 eiusdem
1546 1478 1655 1519 stirpis
1677 1485 1769 1509 erant
1793 1478 1895 1510 Phoe-

276 1534 364 1565 nices
394 1539 426 1564 et
453 1532 597 1564 Hebraei
626 1533 750 1575 sibique
779 1539 814 1564 ut
835 1533 934 1564 vicini
956 1533 1001 1563 ita
1022 1532 1118 1563 etiam
1139 1532 1287 1573 proxime
1310 1530 1443 1570 affines,
1482 1533 1550 1563 sive
1573 1532 1736 1573 Hebraei,
1770 1534 1894 1567 alienae

275 1590 383 1632 stirpis
405 1600 505 1631 gens,
540 1588 684 1631 linguam
706 1589 912 1620 Phoeniciam
934 1589 1020 1630 apud
1041 1594 1166 1619 veteres
1188 1587 1389 1619 Palaestinae
1410 1587 1533 1620 incolas
1554 1590 1701 1621 usitatam
1725 1591 1894 1633 adoptasse

276 1646 429 1678 censendi
459 1651 551 1683 sunt,
588 1655 668 1687 quae
697 1645 823 1688 quidem
852 1646 994 1687 ipsorum
1023 1643 1248 1675 Hebraeorum
1278 1645 1436 1675 sententia
1463 1644 1563 1677 fuisse
1586 1646 1709 1677 videtur
1735 1646 1836 1688 (Gen.
1860 1650 1891 1687 9,

280 1705 320 1733 22
343 1713 411 1745 sqq.
435 1704 487 1740 10,
512 1704 542 1732 6.
568 1704 605 1732 15
628 1712 695 1743 sqq.
723 1700 797 1732 coll.
814 1700 872 1742 21)
895 1702 965 1741 ***).
1010 1699 1083 1740 Quo
1106 1706 1250 1742 tempore
1273 1700 1370 1743 prisci
1392 1702 1548 1732 sermonis
1570 1712 1646 1733 usus
1667 1703 1700 1733 in
1726 1702 1896 1736 Phoenicia

278 1758 475 1789 interciderit
495 1756 681 1798 Graecoque
703 1757 853 1794 cesserit,
876 1762 1022 1787 accurate
1045 1755 1172 1788 definiri
1193 1767 1257 1788 non
1278 1763 1403 1798 potest,
1432 1767 1609 1798 quanquam
1631 1765 1702 1799 post
1716 1757 1894 1791 Alexandri

277 1822 421 1856 tempora
450 1821 481 1844 et
513 1814 641 1855 vigente
671 1811 910 1843 Seleucidarum
941 1819 1082 1854 tempore
1112 1813 1144 1844 id
1174 1813 1292 1844 sensim
1321 1812 1475 1843 accidisse
1498 1812 1612 1844 debet:
1645 1814 1764 1847 diutius
1787 1823 1893 1848 tamen

277 1881 371 1913 quam
404 1869 487 1911 apud
516 1869 684 1900 Hebraeos
714 1874 745 1899 et
770 1879 870 1911 usque
892 1869 932 1900 ad
954 1868 1135 1900 Antoninos
1157 1867 1264 1910 aliquo
1287 1868 1381 1899 modo
1403 1878 1475 1900 eum
1497 1870 1672 1911 perstitisse
1695 1882 1792 1913 quum
1814 1871 1894 1904 alias

277 1926 319 1958 ob
349 1936 462 1957 causas
492 1924 645 1957 credibile
667 1931 715 1956 est
744 1924 986 1966 (Hebraeorum
1008 1925 1093 1956 enim
1114 1923 1225 1967 lingua
1245 1925 1309 1955 iam
1330 1924 1404 1955 inde
1427 1923 1467 1955 ab
1490 1924 1588 1957 exilio
1616 1926 1657 1958 ab
1679 1927 1894 1960 invalescente

276 1982 438 2014 Aramaea
466 1982 542 2013 sede
570 1992 629 2013 sua
659 1980 822 2012 deturbari
850 1987 1015 2023 coeperat,
1049 1991 1145 2023 quum
1167 1987 1279 2011 contra
1301 1980 1477 2022 pacatiores
1498 1981 1743 2014 Phoeniciarum
1766 1984 1893 2016 urbium

277 2049 329 2070 res
350 2039 449 2081 prisci
471 2039 628 2070 sermonis
650 2038 722 2069 usui
744 2037 929 2078 faverent),
952 2044 1019 2068 tum
1042 2038 1130 2068 numi
1152 2037 1324 2068 ostendunt
1345 2047 1444 2078 usque
1469 2037 1508 2069 ad
1523 2036 1579 2069 illa
1596 2044 1738 2081 tempora
1757 2040 1893 2072 Phoeni-

277 2095 327 2126 cia
355 2093 466 2137 lingua
487 2093 665 2136 litterisque
696 2093 880 2124 Phoeniciis
903 2094 1046 2135 inscripti
1083 2092 1164 2132 (lib.
1192 2092 1257 2129 III,
1290 2103 1343 2124 no.
1364 2091 1389 2125 I.
1411 2092 1473 2134 Il).
1536 2094 1588 2125 Ex
1621 2095 1740 2128 Cilicia
1767 2095 1892 2138 praeter

277 2161 392 2182 numos
415 2149 492 2191 (lib.
508 2149 524 2181 I
544 2151 571 2188 ξ.
590 2152 627 2188 6,
645 2153 674 2181 2.
696 2148 754 2180 lib.
777 2148 823 2180 111
838 2159 905 2191 cap.
928 2148 967 2192 2)
998 2160 1114 2191 eosque
1136 2149 1177 2180 ad
1200 2149 1360 2180 Persicam
1383 2156 1518 2182 aetatem
1542 2153 1735 2192 pertinentes
1757 2154 1893 2184 certiora

276 2214 343 2238 tum
366 2206 564 2238 coloniarum
579 2205 824 2237 Phoeniciarum
839 2212 906 2236 tum
918 2206 1076 2237 sermonis
1092 2206 1227 2248 vestigia
1242 2206 1356 2237 desunt
1370 2206 1419 2247 †):
1443 2212 1565 2238 mature
1579 2208 1677 2250 igitur
1693 2209 1891 2240 intercidisse

330 2317 359 2349 Ἴ
393 2317 465 2343 Vide
489 2324 557 2350 quae
587 2315 657 2341 infra
682 2315 716 2340 de
745 2314 861 2340 Punicae
891 2314 998 2349 linguae
1024 2314 1051 2339 in

279 2365 373 2391 Africa
392 2374 442 2392 usu
460 2365 573 2391 dicenda
594 2367 664 2388 sunt.

330 2412 370 2445 *Ἴ
395 2413 464 2440 Prae
490 2412 586 2439 ceteris
613 2415 690 2437 caute
716 2415 743 2437 et
768 2418 825 2436 non
851 2409 909 2435 sine
938 2409 1052 2435 circum-

280 2465 371 2494 specto
382 2460 481 2486 iudicio
492 2461 621 2496 legendus
631 2459 745 2493 scriptor
751 2459 801 2484 hac
812 2459 845 2484 de
858 2466 888 2483 re
900 2457 1051 2491 primarius,

281 2509 421 2534 Boot-artu·
446 2516 536 2544 geogr.
565 2516 657 2534 sacrae
679 2508 710 2533 Ρ.
736 2507 763 2531 ΙΙ
794 2506 840 2532 lib.
863 2506 891 2538 Ι,
922 2514 1002 2540 quem
1026 2505 1053 2530 in

282 2555 396 2582 coloniis
419 2555 570 2582 Phoeniciis
594 2565 643 2589 per
659 2563 765 2581 omnem
782 2555 841 2580 fere
859 2554 953 2580 orbem
971 2554 1054 2580 collo-

283 2603 375 2630 candis
405 2607 431 2630 et
458 2603 486 2629 in
512 2598 617 2630 urbium
646 2604 821 2637 locorumque
844 2602 997 2628 nominibus
1021 2602 1054 2627 ad

1121 2318 1230 2348 etymon
1253 2313 1428 2340 Phoenicium
1453 2315 1603 2342 referendis
1627 2317 1734 2343 nimium
1757 2317 1841 2344 fuisse
1865 2322 1890 2344 et

1120 2362 1229 2398 ingenio
1247 2369 1297 2388 suo
1317 2362 1377 2396 plns
1395 2370 1481 2396 aequo
1502 2363 1642 2390 indulsisse
1661 2365 1723 2391 satis
1745 2370 1856 2392 constat.

1174 2408 1233 2442 ⁸¹¹⁰)
1252 2409 1294 2436 cf.
1310 2409 1371 2436 hist.
1390 2410 1473 2446 liugn.
1492 2412 1566 2437 hebr.
1585 2411 1611 2445 §.
1630 2415 1655 2439 7.

1171 2456 1205 2490 †)
1231 2457 1301 2484 Vide
1322 2458 1486 2484 Bochartum
1517 2460 1534 2485 l.
1558 2468 1581 2486 c.
1612 2469 1671 2494 cap.
1699 2462 1724 2487 5.
1757 2460 1891 2487 Historiae

1120 2506 1241 2532 lacunam
1268 2506 1390 2540 explevit
1408 2514 1496 2532 novus
1515 2507 1565 2533 iste
1585 2507 1805 2535 Sanchuniathon
1826 2509 1848 2540 Ι,
1868 2511 1892 2534 1.

1124 2555 1167 2580 10.
1186 2553 1260 2588 vm,
1281 2556 1314 2580 10
1331 2554 1406 2588 (pag.
1421 2552 1480 2585 90).

1379 2660 1464 2689 43*
