2242 2976
396 245 473 283 464
979 238 1208 273 APPENDlx
1233 233 1433 279 omnm·-

528 332 974 377 Pag.154.1nacriptionis
1004 331 1168 366 Sardicae
1197 333 1238 366 ab
1266 333 1364 366 Arrio
1393 334 1498 366 editae
1529 333 1626 366 aliam
1657 333 1902 376 explicationem
1931 337 2017 369 dedit

399 392 502 427 Ferd.
529 391 698 431 Reum-yae
720 390 753 421 in
776 388 893 421 Annal.
917 390 987 423 crit.
1011 388 1224 423 Berol.1836
1244 400 1356 423 menae
1376 389 1438 423 Iul.
1462 401 1517 423 no.
1541 393 1571 423 8.
1594 393 1625 423 9.

526 461 964 506 Pag.161.1nscriptionis
985 461 1196 495 Maraalensia
1220 473 1337 495 novum
1359 463 1599 507 apographum,
1629 463 1715 506 quod
1734 473 1806 496 cnm
1823 462 2017 498 castelliano

398 522 477 554 satis
508 519 590 552 bene
618 519 786 558 convenit,
823 529 927 562 nuper
955 530 996 551 ex
1025 518 1137 552 Sicilia
1165 518 1272 552 attulit
1298 519 1440 563 mihique
1462 521 1550 553 misit
1571 518 1744 552 Cramerna
1766 519 1808 552 D.
1851 519 2019 563 Reperitur

399 588 438 610 ea
469 587 532 609 non
563 574 735 614 Mazarae,
771 581 806 607 ut
826 575 1061 619 Lindbergium
1092 575 1145 618 (p.
1168 578 1230 619 39)
1258 583 1385 609 aecutua
1407 577 1522 620 acripsi
1543 587 1576 619 p.
1602 578 1682 615 161,
1718 576 1775 608 aed
1805 574 1967 609 Maraalae
1984 577 2019 610 in

400 633 519 677 palatio
559 631 690 674 publico
725 630 880 674 (palazzo
909 630 1063 675 publico)
1098 633 1131 664 in
1162 630 1271 675 lapide
1298 633 1408 665 rudius
1439 643 1552 672 caeso,
1588 632 1669 665 duo·
1697 632 1795 675 pedea
1823 643 1895 665 cum
1917 631 2020 666 tribua

399 690 507 733 digitis
530 687 615 727 alto,
646 688 828 731 quindecim
850 687 918 720 sere
941 688 1058 731 digitos
1078 686 1163 728 lato,
1194 690 1248 731 qui
1270 699 1362 722 muro
1384 688 1505 722 infixua
1520 695 1600 722 erat.
1643 688 1749 720 Etiam
1762 687 1889 721 litterae
1908 699 2025 748 parum·

396 745 568 789 diligenter
590 745 732 784 incisae,
765 755 849 776 nunc
871 744 979 776 colore
1002 745 1095 788 nigro
1117 745 1266 778 inductae
1288 753 1372 778 aunt.

528 823 605 866 Peg.
630 825 702 855 162.
748 821 856 860 Quum
882 823 966 866 typi·
993 824 1057 855 iam
1086 825 1250 867 exscripta
1277 830 1405 863 cuent,
1437 833 1519 867 quae
1541 823 1581 855 de
1603 822 1763 867 lapidibus
1785 818 2020 867 Carthaginen-
2071 856 2080 865 ‚

395 881 485 913 sibun
516 887 611 922 atque
639 878 819 912 Numidici·
848 878 905 911 lib.
925 878 956 911 11
985 890 1056 923 cap.
1079 882 1110 912 5.
1130 882 1153 912 6
1175 881 1419 923 disputavimu,
1463 879 1522 913 cel.
1545 880 1727 921 Lemno,
1759 879 1867 913 Musei
1889 879 2022 923 Lugdu-

399 938 508 969 nenaia
532 942 640 968 cuatoa
662 936 853 978 primariae,
875 946 937 978 qua
957 942 1007 968 eat
1028 935 1224 968 humanitate
1246 942 1279 968 et
1299 947 1377 980 erga
1397 947 1449 969 me
1472 936 1715 976 benevolentia,
1742 942 2020 969 monumentorum

398 994 592 1026 Punicorum
614 991 844 1031 litteratorum,
866 1002 949 1035 quae
970 992 1121 1036 Lugduni
1136 999 1281 1032 exstant,
1308 995 1449 1025 omnium
1471 993 1643 1036 (Carthag.
1668 996 1682 1025 1
1697 997 1776 1025 -4,
1790 996 1822 1025 6.
1839 996 1870 1030 8.
1887 991 2019 1025 Numid.

336 1061 338 1064 ’
397 1053 426 1081 3.
457 1050 499 1091 4)
535 1055 647 1091 ectypa
675 1058 797 1091 gypsea
824 1047 903 1080 mihi
932 1049 1029 1080 misit.
1090 1048 1182 1080 Haec
1207 1049 1323 1090 igitur,
1362 1047 1517 1080 adhibiti·
1546 1048 1704 1091 exempli·
1733 1049 1884 1092 Lugduni
1915 1059 1936 1080 a
1967 1058 2020 1081 me

398 1105 584 1144 defluentis,
621 1106 654 1137 in
683 1105 825 1136 editione
854 1115 926 1136 mea
954 1110 1081 1136 aecutna
1102 1114 1191 1135 anm:
1229 1103 1405 1146 eademque
1427 1105 1543 1136 iterum
1566 1105 1745 1147 iterumque
1766 1105 1898 1137 intentio
1917 1103 2022 1137 oonlia

397 1161 601 1200 collustravi,
638 1162 667 1193 ai
698 1160 772 1203 quid
804 1159 889 1191 forte
918 1169 938 1190 a
959 1170 1011 1191 me
1033 1158 1214 1203 neglectum
1237 1165 1334 1191 eaaet.
1379 1158 1444 1191 Sed
1467 1158 1549 1192 nihil
1570 1161 1679 1193 inveni
1702 1166 1826 1202 praeter
1847 1159 1929 1193 haee
1948 1161 2021 1195 iri-0·

396 1218 445 1250 Ac
471 1220 611 1260 primun
640 1217 768 1258 quidem
800 1216 834 1246 in
866 1213 1018 1257 Carthag.
1041 1217 1061 1247 3
1083 1214 1220 1247 aubinde
1241 1222 1359 1257 puncta
1379 1217 1601 1259 reperiuntur,
1643 1226 1725 1259 qaae
1747 1227 1811 1249 non
1833 1227 1909 1249 caan
1931 1223 2020 1256 orta,

396 1274 453 1307 aed
481 1272 626 1306 consulto
656 1271 742 1303 raom
770 1270 935 1310 videntur,
973 1277 1008 1303 ut
1040 1271 1074 1302 in
1105 1269 1230 1313 Tripol.
1259 1274 1297 1310 2,
1334 1270 1411 1304 licet
1440 1273 1659 1315 inecriptionia
1690 1279 1802 1306 auctor
1830 1273 1864 1305 ia
1893 1273 2022 1316 puncti·

396 1328 552 1372 ponendis
581 1326 661 1359 alias
690 1325 799 1370 leges,
839 1337 934 1369 quam
955 1337 1036 1370 quae
1059 1325 1156 1370 vulgo
1179 1334 1328 1370 receptae
1349 1335 1443 1368 aunt,
1481 1330 1572 1372 aequi
1595 1329 1751 1362 videatur.
1794 1328 1916 1362 Puncta
1934 1329 2022 1362 enim

397 1395 527 1417 cernere
555 1382 637 1415 mihi
665 1383 774 1415 videor
802 1382 854 1415 hin
883 1381 965 1415 locis
993 1384 1113 1427 posita:
1153 1391 1210 1417 -ιπι
1239 1393 1290 1418 me
1327 1389 1407 1429 ξιηιι
1437 1374 1509 1420 ,ἕνα
1545 1385 1624 1429 τιού
1659 1386 1895 1429 'emen-nauh
1931 1385 2020 1421 aaa!

397 1442 553 1485 *aphra-⁸25
574 1449 609 1484 ’β
629 1447 735 1474 ΛΜΞ-ι
754 1448 919 1474 sunnon:
939 1459 982 1465 —
1001 1450 1102 1483 quae,
1131 1446 1200 1472 utut
1222 1451 1242 1471 a
1264 1439 1389 1484 vulgari
1410 1442 1640 1474 consuetudine
1662 1440 1769 1474 aliena
1789 1448 1885 1482 aunt,
1912 1448 2020 1476 tanen

397 1496 556 1541 probabili
583 1495 798 1539 explicatione
819 1507 883 1528 non
908 1504 1035 1535 carent,
1071 1502 1106 1528 ut
1127 1497 1236 1539 paucis
1257 1504 1436 1530 monstrare
1456 1497 1569 1540 placet.
1612 1497 1645 1541 1)
1665 1499 1699 1531 ἱιι
1721 1505 1839 1541 puncto
1861 1504 1937 1541 poet
1956 1506 2019 1537 mn

398 1554 455 1586 lin.
481 1557 496 1586 1
522 1563 616 1599 nemo
637 1552 798 1593 haerebit,
826 1563 866 1585 eo
889 1554 992 1596 tnagis
1014 1554 1047 1595 2)
1070 1554 1103 1584 in
1125 1563 1165 1585 eo
1186 1553 1271 1596 quod
1291 1553 1349 1586 lin.
1367 1557 1381 1586 t
1399 1562 1482 1587 extr.
1505 1561 1554 1586 eat
1574 1562 1648 1597 post
1668 1556 1686 1589 b
1708 1561 1740 1586 et
1754 1556 1908 1598 repetitur
1925 1553 1983 1586 lin.
1999 1557 2020 1587 2

398 1613 531 1642 ineunte
545 1616 620 1642 ante
634 1618 667 1642 a.
697 1608 805 1648 Quum
822 1620 897 1642 vero
912 1620 1031 1641 novum
1044 1616 1195 1652 punctum
1209 1617 1362 1652 aequatur
1378 1617 1452 1653 pont
1467 1613 1526 1644 ἐει
1542 1611 1595 1652 (ad
1610 1611 1782 1643 secundam
1797 1612 1883 1643 enim
1898 1609 2019 1644 lineam

397 1669 558 1710 pertinere
584 1667 707 1698 videtur
729 1664 807 1697 illud
830 1665 914 1709 quod
937 1665 1023 1698 infra
1045 1665 1179 1698 caudam
1201 1674 1222 1700 2
1242 1665 1368 1698 litterae
1388 1672 1438 1698 eat
1458 1666 1491 1698 in
1506 1667 1619 1709 τιτι-ι),
1640 1667 1736 1710 idque
1749 1665 1871 1699 auffixo
1890 1673 2020 1711 autepo-

398 1726 514 1762 situm,
542 1730 654 1755 auctor
676 1723 710 1755 id
732 1723 837 1765 egicae
859 1722 1002 1761 videtur,
1039 1729 1073 1754 ut
1102 1732 1218 1754 nomen
1241 1723 1322 1762 bn,
1350 1729 1459 1765 utpote
1491 1723 1652 1763 numinis,
1682 1724 1740 1765 cni
1761 1721 1874 1756 titulun
1901 1724 2019 1757 inacti—

399 1788 469 1822 ptua
492 1785 578 1818 erat,
608 1780 735 1822 puncti·
756 1777 935 1811 includeret
956 1778 1018 1818 (cf.
1043 1779 1137 1810 inser.
1166 1777 1289 1820 Sard.).
1334 1778 1457 1811 Eodem
1481 1779 1576 1811 modo
1605 1781 1639 1822 3)
1661 1777 1718 1811 lin.
1741 1781 1762 1812 ³
1783 1778 2020 1813 inclaaum'eat

398 1847 514 1868 nomen
547 1844 630 1878 mn,
666 1834 707 1867 ad
731 1836 831 1867 *cuiue
866 1833 965 1867 finem
1003 1845 1081 1867 vero
1115 1836 1178 1867 tria
1213 1841 1333 1878 puncta
1358 1835 1614 1867 animadvertere
1642 1834 1724 1868 mihi
1752 1836 1883 1876 videor,
1921 1847 2019 1881 anum

398 1903 552 1934 superne,
587 1892 762 1924 secundum
785 1902 805 1923 a
827 1892 957 1923 sinistro
981 1889 1056 1923 Nan
1078 1890 1203 1923 litterae
1226 1892 1260 1923 iu
1282 1890 1510 1931 madianaea,
1547 1893 1676 1924 tertium
1701 1891 1786 1924 infra
1807 1890 1936 1924 lineam.
1981 1891 2018 1924 ln

399 1947 461 1979 hoc
484 1950 568 1979 enim
594 1946 784 1980 vocabulum
806 1949 874 1979 exit
895 1948 996 1989 prima
1017 1958 1090 1990 pars
1112 1948 1341 1990 inscriptionis.
1390 1946 1427 1979 In
1450 1947 1583 1991 reliquia
1604 1947 1686 1980 nihil
1706 1949 1791 1980 ineat
1812 1946 2020 1982 difficultatis.

400 2022 442 2027 —
480 2002 569 2035 Dein
599 2006 630 2035 in
659 2003 766 2047 lapide
789 2007 898 2046 prium
929 2004 979 2043 (v.
1004 2014 1033 2046 p.
1057 2002 1138 2046 175)
1166 2002 1225 2036 lin.
1247 2006 1267 2036 3
1294 2002 1356 2036 litt.
1377 2007 1399 2036 4
1425 2014 1489 2040 non
1511 2003 1581 2036 Jod
1599 2015 1671 2037 ease
1693 2004 1836 2044 videtur,
1867 2011 1903 2036 ut
1922 2015 2022 2048 aupra

401 2060 511 2102 posui,
541 2060 596 2091 sed
620 2069 663 2098 m,
700 2068 734 2091 ut
757 2071 788 2092 n.
811 2071 859 2103 pr.
880 2059 1051 2103 legendum
1075 2062 1117 2091 sit
1137 2068 1236 2094 naam-1
1269 2059 1462 2102 (quinque).
1515 2058 1812 2104 Qnomodocunque
1834 2060 1896 2092 hoc
1916 2059 2020 2104 expli-

400 2115 508 2153 cabis,
532 2125 629 2147 unum
650 2116 805 2155 observo,
835 2118 933 2148 etiam
953 2117 1037 2159 apud
1059 2115 1229 2148 Hebraeos
1251 2114 1409 2148 vocabula
1432 2126 1582 2148 numeros
1603 2108 1875 2159 significantia'in
1898 2127 2018 2151 nomm.

398 2172 530 2214 propria
557 2170 694 2209 abii-ae,
732 2179 765 2203 ut
785 2177 854 2219 ³³3²?
887 2176 900 2204 1
927 2172 1015 2204 Sam.
1031 2175 1095 2211 20,
1119 2176 1148 2204 1.
1183 2176 1198 2204 1
1224 2172 1295 2204 Par.
1320 2174 1357 2211 5,
1381 2174 1431 2212 13„
1470 2191 1513 2197 —
1557 2171 1710 2215 Denique
1731 2174 1764 2205 in
1787 2172 1894 2216 lapide
1915 2174 2016 2205 tenco

399 2227 455 2259 lin.
478 2228 499 2259 5
530 2228 563 2259 in
593 2237 672 2259 voce
700 2229 853 2271 'upbmzw
883 2228 1010 2261 Daletla
1037 2229 1146 2271 (quod
1179 2228 1384 2260 Hamakerna
1416 2227 1481 2260 Ain
1518 2238 1591 2260 ease
1627 2231 1813 2271 putaverat)
1847 2227 2017 2267 manifesto

400 2283 498 2315 habet
526 2284 658 2315 caudam
686 2281 844 2316 collumve
876 2285 959 2326 quod
989 2295 1008 2316 a
1037 2285 1150 2316 dextra
1178 2286 1289 2328 capitia
1320 2286 1501 2328 dependere
1530 2284 1687 2324 debebat,
1724 2296 1744 2317 a
1770 2286 1900 2318 ainiatra
1926 2277 2016 2326 parte

400 2340 599 2382 dependens:
625 2340 657 2371 id
681 2340 764 2382 quod
787 2349 807 2370 a
828 2342 980 2372 statuario
1004 2340 1151 2373 consulto
1172 2342 1216 2372 ita
1239 2341 1356 2373 factum
1380 2353 1452 2373 ease
1475 2352 1661 2384 persuasum
1683 2349 1732 2374 eet
1753 2341 1868 2374 iccirco
1891 2341 1974 2383 quod
1998 2351 2017 2372 a

402 2397 515 2427 dextra
536 2403 625 2438 parte
648 2397 787 2439 spatium
810 2395 919 2427 deerat
948 2404 978 2426 et
1011 2398 1213 2429 metuendum
1244 2405 1329 2436 erat,
1371 2408 1411 2429 ne
1443 2396 1558 2430 collum
1582 2398 1666 2429 istud
1689 2408 1760 2429 cum
1783 2396 1864 2429 Beth
1890 2396 2016 2429 litterae

401 2455 502 2495 capite
524 2451 697 2484 collideret.

531 2533 604 2576 Pag.
635 2537 706 2566 172.
757 2533 809 2565 Ad
840 2541 938 2579 1:³37ng
973 2520 1103 2564 Veteris
1131 2533 1330 2566 Testamenti
1360 2534 1568 2575 illustranda,
1605 2545 1685 2577 quae
1719 2541 1923 2566 monumenta
1964 2533 2015 2566 vel

401 2591 510 2621 conica
534 2589 584 2621 vel
608 2589 741 2622 obelisci
764 2590 901 2632 speciem
924 2589 1081 2621 imitantia
1103 2587 1203 2620 fuisse
1227 2591 1371 2622 videntur
1394 2591 1446 2631 (v.
1470 2590 1568 2622 Thes.
1592 2590 1618 2630 l,
1635 2591 1736 2632 490),
1767 2590 1880 2633 quibua
1892 2590 2016 2623 litterae
