2242 2976
398 261 738 297 INSCRIPTIONES
760 262 1081 296 ATHENIENSES.
1124 263 1198 296 vu.
1220 262 1518 297 ATHENIENSIS
1541 262 1719 296 TERTIA.
1799 268 1867 303 121

248 356 338 398 Syri,
371 356 524 389 Chaldaei
545 368 663 401 graeca
684 357 841 390 vocabula
862 357 1040 390 scribentes
1059 358 1114 398 A,
1136 358 1180 398 E,
1203 359 1243 389 H
1258 356 1374 390 litteris
1388 359 1521 390 ineunte
1534 357 1693 391 vocabulo
1710 369 1869 402 nunquam

247 424 312 445 non
342 423 365 448 κ
393 412 445 444 vel
475 422 500 447 ,Ἴ
528 412 645 447 litteris
673 415 873 458 exprimere,
909 424 974 446 non
1003 412 1109 446 solum
1139 412 1194 446 ubi
1222 415 1337 456 spiritu
1361 425 1495 457 aspero,
1528 415 1587 447 sed
1607 415 1705 447 etiam
1727 414 1785 448 ubi
1804 415 1869 449 leni

246 471 387 502 munitae
416 478 509 509 sunt,
548 481 575 501 v.
597 481 625 503 c.
656 469 777 513 εὐγενής
803 469 1018 502 in·Talmude
1040 477 1180 514 rosan-t,
1219 469 1308 511 ἓνοχή
1332 478 1449 510 πῡιπ,
1472 469 1583 508 ἀτελτῑς
1603 472 1729 512 &bnt-t,
1751 471 1790 514 ἤν
1810 480 1868 515 τῇ,

248 527 390 570 elogium
421 529 526 570 rzbrae,
554 525 649 569 ἐλατή
673 528 771 570 3¹00th
799 527 942 569 adeoque
969 527 1002 558 in
1034 527 1140 559 medio
1162 525 1320 558 vocabulo
1342 527 1501 569 συνέδριον
1522 535 1674 574 Γηηι-ντςρ,
1703 539 1735 561 v.
1760 528 1870 562 Cohen

245 583 286 615 de
309 583 404 616 Lara
434 584 475 616 de
498 587 729 620 convenientia
751 583 977 616 vocabulorum
999 583 1244 615 talmudicornm
1270 594 1339 615 cum
1361 587 1495 626 graecis
1522 569 1588 616 cet..
1611 570 1643 628 p.
1666 588 1717 618 35.
1771 584 1866 624 Quod

244 647 350 672 autem
381 640 504 673 Erenes
534 650 651 672 nomen
681 650 832 683 graecum
862 640 958 672 etiam
987 640 1022 670 in
1050 638 1234 671 Phoeniciis
1263 647 1426 671 servatum
1454 646 1521 679 est,
1553 640 1587 672 id
1610 642 1765 682 ostendit,
1795 653 1867 674 eam

243 697 373 728 natione
402 695 560 728 Graecam
588 696 691 728 fuisse
723 697 831 740 (quod
862 695 914 727 vel
942 705 983 727 ex
1013 696 1117 738 putria
1146 696 1216 728 eius
1246 695 1441 737 evincitur),
1478 707 1613 729 uxorem
1634 697 1748 739 procul
1769 698 1867 731 dubio

246 751 409 785 phoenicii
433 752 588 792 hominis,
620 754 674 796 qui
696 752 832 784 Athenis
853 753 974 795 degens
997 753 1028 784 ei
1051 751 1113 784 hoc
1135 761 1375 784 monumentum
1398 759 1558 795 posuerat.
1602 751 1700 786 Aliud
1729 756 1867 787 nominis

242 811 351 852 graeci
381 808 564 841 Phoeniciis
593 808 710 842 litteris
739 809 869 854 scripti,
905 819 970 840 non
999 807 1164 847 translati,
1200 807 1383 851 exemplum
1412 815 1462 841 est
1483 810 1595 844 &27⁸5
1617 809 1807 850 Laodicea,
1837 822 1866 843 v.

241 865 301 898 lib.
323 864 384 906 IV,
407 876 460 898 no.
482 869 515 897 4.

369 937 456 970 173³:
479 936 603 986 (πήξει)
628 947 692 968 non
706 936 837 968 domina
858 941 924 974 est,
945 935 1003 967 sed
1024 938 1108 967 civis
1129 934 1357 978 (Bia-geria).
1393 933 1610 968 Masculinum
1626 937 1690 979 bza
1709 937 1754 968 ita
1770 947 1866 980 saepe

240 993 274 1023 in
297 990 340 1024 V.
356 991 398 1024 Τ.
423 999 456 1024 nt
473 996 543 1039 nna}
565 994 638 1041 ’ἔμε
661 991 880 1029 Sichemitae,
903 995 979 1039 iri-27
1002 990 1076 1039 ’ἦξε
1097 990 1354 1023 Hierae'chuntini
1372 991 1423 1033 (v.
1436 990 1520 1023 thes.
1534 990 1614 1035 ling.
1629 992 1720 1024 hebr.
1749 1003 1779 1026 v.
1804 994 1866 1037 5³2:-

240 1058 293 1080 no.
315 1048 357 1090 3)
386 1056 418 1080 et
439 1050 471 1080 in
495 1028 695 1086 Phoeniciis,
723 1045 811 1078 velut
833 1055 918 1080 nu&
940 1047 1025 1082 59373
1056 1047 1160 1094 (wan
1184 1047 1302 1096 ὑμῆς)
1331 1057 1354 1079 a
1375 1046 1501 1079 civibus
1526 1046 1667 1080 Gadium
1694 1050 1728 1081 in
1759 1051 1865 1082 numis

241 1103 409 1137 Gaditanis
438 1104 516 1147 (lib.
540 1103 607 1144 IV,
641 1114 694 1135 no.
717 1104 795 1146 15),
832 1113 891 1137 mn
918 1104 1005 1139 35:172
1036 1114 1058 1136 a
1080 1103 1206 1137 civibus
1230 1090 1424 1146 Tingitani:
1452 1102 1533 1144 (lib.
1555 1103 1614 1143 IV,
1640 1115 1693 1136 no.
1717 1108 1797 1145 16),
1833 1113 1867 1139 et

240 1160 377 1192 fortasse
398 1163 494 1193 etiarn
518 1170 580 1196 *ean
602 1161 662 1196 bv:
683 1161 762 1204 (pro
785 1169 848 1195 ’σπι-ι
868 1161 969 1202 ²552)
993 1163 1081 1193 cives
1100 1160 1305 1193 Tam-mes
1296 1171 1330 1193 m
1351 1161 1458 1193 numis
1475 1159 1692 1192 Tarsensibus
1714 1161 1791 1203 (lib.
1805 1161 1864 1202 IV,

240 1227 295 1248 no.
316 1217 368 1259 ⁷).

369 1285 468 1319 Urbis
498 1298 616 1320 nomen
642 1285 743 1321 'mazza
772 1287 853 1331 legit
874 1287 1052 1331 Angeruae,
1084 1287 1259 1319 secundam
1279 1288 1350 1319 eius
1372 1285 1512 1320 litteram
1533 1286 1626 1319 Zade
1647 1297 1719 1319 esse
1741 1294 1866 1330 putans,

240 1354 419 1386 quanquam
442 1354 506 1375 non
530 1351 626 1387 negat
647 1346 696 1375 vir
709 1344 914 1376 doctissimus
928 1350 960 1375 et
974 1342 1070 1376 talem
1085 1344 1156 1375 eius
1169 1342 1307 1386 figuram
1322 1341 1485 1375 insolitam
1498 1353 1570 1375 esse
1585 1349 1678 1386 atque
1696 1354 1716 1374 a
1729 1353 1765 1375 se
1783 1342 1864 1375 alibi

239 1401 412 1431 monstrari
432 1410 496 1431 non
519 1410 633 1445 posse,
670 1407 702 1432 et
723 1401 740 1440 ζ
761 1399 887 1432 litterae
908 1401 943 1432 in
965 1400 1128 1431 Semiticis
1149 1398 1293 1442 legitime
1315 1400 1511 1442 respondere
1533 1398 1640 1438 Zaira,
1675 1409 1740 1431 non
1764 1398 1864 1432 zade.

239 1455 305 1488 Sed
326 1454 374 1487 nil
395 1467 475 1498 opus
496 1463 546 1487 est
568 1455 739 1489 anomaliis
761 1462 794 1488 et
815 1456 1079 1499 exceptionibus,
1102 1466 1200 1499 quum
1217 1455 1298 1487 haec
1318 1454 1424 1487 littera
1437 1456 1542 1498 ipsum
1564 1456 1607 1486 sit
1626 1453 1728 1494 Sain,
1751 1456 1863 1487 eadem

238 1510 290 1543 vel
321 1519 407 1544 certe
439 1511 604 1544 simillima
633 1512 737 1545 forma
767 1514 801 1544 in
825 1511 989 1544 nonnullis
1016 1511 1140 1544 Ciliciis
1163 1518 1296 1544 exstans
1325 1512 1434 1554 (num.
1463 1509 1556 1545 Cilic.
1584 1509 1643 1542 litt.
1673 1511 1702 1542 G
1730 1512 1764 1543 in
1786 1521 1860 1547 *1272

237 1569 326 1600 sidus
357 1579 462 1600 meum
491 1566 565 1600 coll.
589 1574 674 1612 ’τήτῃ
699 1570 732 1600 in
756 1568 799 1601 A.
822 1567 872 1609 B)
901 1575 935 1599 et
960 1567 1055 1611 plane
1084 1569 1281 1600 conveniens
1308 1578 1379 1599 cum
1405 1566 1511 1610 figura
1531 1565 1612 1598 Zeta
1631 1565 1757 1598 litterae
1779 1569 1863 1610 apud

237 1623 397 1663 Graecos,
429 1614 470 1657 v..
483 1624 540 1656 lib.
562 1624 578 1657 I
607 1626 635 1664 §-
660 1628 709 1657 18.
752 1624 942 1667 Legendum
965 1625 1064 1667 igitur
1089 1632 1191 1659 aazia.
1241 1623 1314 1655 Hoc
1341 1624 1460 1655 dictum
1491 1634 1563 1655 esse
1591 1634 1650 1665 pro
1678 1624 1750 1666 ipso
1772 1623 1863 1656 urbis

236 1670 366 1712 nomine
380 1681 550 1720 Βυζάντιον
565 1683 650 1724 (non
665 1679 873 1722 Βυζάντιος),
897 1692 939 1713 ex
953 1687 1105 1713 contextu
1120 1680 1199 1712 satis
1215 1680 1419 1712 manifestum
1434 1686 1497 1711 est:
1520 1679 1604 1722 quod
1619 1690 1694 1711 vero
1711 1679 1860 1722 Angerus

237 1737 331 1776 dicit,
362 1748 512 1780 graecum
537 1750 572 1770 ον
595 1737 642 1769 ibi
664 1748 736 1769 esse
759 1737 936 1775 abiectum,
968 1737 1001 1768 id
1023 1743 1107 1768 certe
1130 1738 1309 1768 accuratius
1330 1735 1556 1778 explicandum
1577 1742 1655 1766 erat.
1699 1734 1862 1768 Nimirum

235 1792 379 1825 Hebraei
401 1801 494 1836 atque
518 1793 594 1835 Syri
615 1804 673 1836 pro
695 1804 744 1836 gr.
765 1800 797 1824 et
818 1792 874 1825 lat.
897 1805 961 1831 ιον,
985 1797 1068 1831 εΐον,
1092 1795 1157 1825 ium
1178 1792 1277 1835 vulgo
1299 1799 1423 1835 ponunt
1444 1794 1480 1823 in
1501 1801 1545 1834 Γ,
1575 1790 1663 1822 velut
1684 1791 1861 1834 ψαλτήριον

236 1858 366 1894 Γηῃξςε,
388 1849 471 1881 Dan.
487 1852 517 1889 3,
535 1852 565 1882 5.
584 1853 635 1882 10.
653 1852 691 1882 15
715 1857 746 1881 et
770 1857 900 1894 Ῑήῃξρεξ
920 1852 951 1888 3,
968 1852 988 1881 7
1008 1849 1091 1889 (hoc
1111 1850 1197 1880 enim
1216 1847 1405 1880 vocabulum
1423 1859 1524 1891 neque
1538 1847 1663 1891 plurale
1681 1855 1740 1887 est,
1765 1860 1862 1891 quum

236 1892 400 1949 copuletur
429 1917 500 1938 cum
530 1905 602 1938 aliis
630 1892 913 1938 instrumentorum
944 1905 1128 1937 nominibus
1159 1907 1191 1936 in
1221 1904 1378 1948 singulari
1400 1906 1528 1946 positis,
1563 1914 1667 1946 neque
1690 1905 1862 1947 respondet

237 1973 354 2015 gr-aeco
368 1962 507 2005 ψαλτήρ,
533 1963 616 2005 quod
632 1962 855 1994 citharoedum
869 1961 1040 2005 significat,
1064 1973 1127 1993 non
1145 1961 1333 2003 citharam),
1356 1960 1514 2003 συνέδριον
1535 1967 1684 2005 *pn-1320,
1708 1960 1861 2001 κοινόβιον

235 2004 363 2064 <na-'LE
383 2022 559 2061 Kanobin,
583 2022 722 2062 ἐντῦβιον
743 2031 892 2065 pamm,
917 2021 1065 2064 ἀσσάριον
1087 2030 1182 2065 ῑνῆοις
1206 2019 1267 2059 al.,
1292 2026 1324 2051 et
1346 2030 1571 2063 nonnunquam
1595 2027 1762 2062 praeterea
1783 2019 1859 2053 Nun

236 2082 392 2115 abiiciunt
421 2082 528 2124 (quod
552 2089 616 2114 tam
639 2093 733 2125 saepe
757 2084 789 2114 in
814 2080 978 2113 vocabulis
1005 2082 1157 2113 extremis
1183 2079 1352 2120 abiicitur)
1384 2090 1415 2111 v,
1439 2090 1466 2110 c.
1499 2077 1621 2121 ἀρχεῖον
1642 2087 1725 2114 ’ΒἾΝ
1747 2078 1859 2112 Cohen

237 2140 277 2172 de
298 2139 386 2172 Lara
414 2137 435 2170 l.
460 2150 484 2170 c.
516 2149 545 2181 p.
569 2142 628 2175 21,
664 2141 827 2179 βαλανεῖον
856 2138 922 2171 ’353
953 2149 983 2180 p.
1007 2141 1067 2176 24,
1105 2140 1267 2170 vivarium
1296 2143 1388 2169 ³5:³2
1419 2135 1577 2168 Sanhedr.
1606 2135 1663 2168 fol.
1687 2139 1737 2168 39.
1773 2135 1860 2168 Beza

235 2194 292 2243 fol.
307 2198 358 2228 23.
403 2195 481 2226 Erat
496 2202 602 2227 autem
618 2194 679 2227 hoc
694 2205 820 2238 quoque
835 2205 951 2230 nomen
968 2195 1001 2225 in
1019 2195 1175 2236 scriptura
1192 2193 1366 2225 Phoenicia
1380 2192 1584 2232 servandum,
1599 2204 1695 2236 quum
1708 2192 1860 2235 Byzantii

237 2252 324 2285 urbis
346 2251 556 2285 Phoenicium
577 2262 693 2283 nomeu
718 2262 780 2283 non
805 2257 956 2282 exstaret.

362 2333 394 2364 3.
437 2330 474 2362 In
504 2330 612 2362 verbis
640 2329 772 2362 Graecis
803 2329 884 2361 nihil
913 2329 1102 2360 offensionis
1130 2321 1197 2367 est,
1236 2328 1298 2359 nisi
1320 2328 1402 2370 quod
1421 2327 1531 2370 Ἐρήνη
1555 2329 1706 2370 scriptum
1729 2333 1778 2358 est
1799 2337 1858 2369 pro

237 2386 371 2429 Εἲρήνη,
402 2387 486 2429 quod
507 2386 657 2429 Angerus
681 2385 805 2428 vulgari
829 2386 956 2417 cuidam
979 2384 1213 2427 pronunciandi
1226 2385 1341 2415 rationi
1359 2384 1479 2417 tribuit.
1526 2384 1589 2416 Sed
1605 2385 1645 2416 ad
1663 2383 1858 2415 archaismos

237 2444 340 2485 potius
361 2443 531 2475 referenda
553 2450 602 2475 est
626 2443 706 2475 haec
729 2442 891 2474 scribendi
914 2443 995 2473 ratio
1017 2443 1051 2473 in
1073 2440 1173 2472 titulis
1196 2441 1428 2483 antiquioribus
1444 2452 1506 2473 non
1522 2441 1675 2472 inusitata
1697 2439 1757 2481 (cf.
1780 2440 1861 2471 AIE

238 2508 295 2540 pro
317 2500 374 2531 αἰεὶ
396 2499 529 2531 Boeckh
554 2499 652 2542 Corp.
675 2501 770 2531 inser.
793 2498 827 2536 I,
847 2498 903 2530 lin.
930 2501 966 2538 1,
1002 2498 1193 2530 ΚΛΕΤΟΣ
1212 2509 1268 2540 pro
1291 2499 1422 2535 Κλεῖτος
1444 2498 1523 2529 ibid.
1548 2496 1598 2535 Π,
1621 2496 1680 2528 lin.
1706 2499 1735 2527 9.
1774 2495 1861 2526 ΕΜΙ

236 2565 293 2597 pro
316 2555 378 2595 εἰμί
393 2555 470 2588 ibid.
494 2558 527 2588 in
553 2556 650 2599 Sigea
673 2567 727 2588 no.
748 2543 838 2594 Vm,
862 2553 990 2586 vasculo
1012 2554 1121 2586 Attico
1144 2565 1198 2586 no.
1221 2554 1378 2586 XXXIII
1407 2562 1438 2585 et
1461 2564 1514 2586 no.
1538 2553 1615 2594 X),
1643 2562 1735 2594 quam
1762 2560 1857 2581 nemo

238 2621 431 2653 magnopere
452 2612 637 2652 mirabitur,
674 2614 727 2656 qui
752 2612 957 2655 cogitaverit,
990 2612 1019 2643 E
1038 2610 1178 2643 litteram
1201 2611 1374 2653 antiquitus
1396 2609 1587 2652 appellatam
1609 2618 1679 2639 esse
1701 2604 1729 2638 εἶ
1758 2605 1856 2648 (Plat.

1434 2671 1472 2699 16
