2242 2976
454 210 514 243 DE
536 209 918 244 INSCRIPTIONIBUS
941 209 1176 244 NUMIDICIS
1198 211 1348 244 SEXTA
1369 211 1429 244 ET
1452 212 1656 247 SEPTIMA.
1798 217 1875 256 447

251 304 333 337 Vide
361 304 528 336 Philonem
558 303 580 336 l.
611 314 639 336 c.
682 302 784 336 Clem.
814 303 912 336 Alex.
942 315 973 346 p.
1002 305 1053 336 27.
1082 303 1122 336 A.
1151 303 1191 336 Β.
1223 305 1265 337 D.
1318 305 1475 349 Porphyr.
1505 318 1555 350 ap.
1579 308 1749 347 Eusebi.
1773 320 1800 342 e.
1832 311 1872 342 de

246 360 405 394 sacrificio
436 361 576 393 humano
605 361 689 403 apud
717 360 930 393 Salaminios:
965 359 980 393 ὅ
1006 361 1040 393 δὲ
1062 361 1308 405 σφαγιαζόμενος·
1323 361 1383 396 ὑπὸ
1405 366 1468 396 τῶν
1490 363 1616 407 ἐφήβων
1638 363 1785 408 ἀγόμενος
1806 367 1874 407 τρὶς

245 421 384 461 περιεθεῒ
406 417 460 450 τὸν
489 415 616 459 βωμόν·
662 417 764 450 ἔπειτα
793 415 809 450 ὅ
840 417 938 460 ἷερεὺς
967 417 1061 450 αὐτὸν
1099 421 1222 462 λογχῇ
1255 418 1373 452 ἔπαιε
1409 421 1487 453 κατὰ
1524 424 1580 454 τοῦ
1615 421 1788 463 στομάχου,
1820 424 1869 455 καὶ

245 475 345 513 οὕτως
367 474 462 514 αὐτὸν
483 475 531 507 ἐπὶ
553 474 609 516 τὴν
631 476 780 516 νηθεῖσαν
802 474 904 516 πυρὰν
927 472 1211 515 ὥλοκαύτιζον.
1234 495 1277 502 --
1308 475 1344 508 In
1367 475 1445 521 '9¹⁹⁸
1468 488 1528 520 pro
1551 484 1636 520 Ἱππ,
1651 489 1724 514 ⁵³7&
1748 486 1780 511 et
1795 478 1825 514 'fl
1839 479 1870 512 ¹,

244 544 301 575 pro
331 542 404 566 ⁵³¹1&
435 538 521 575 *55:³⁹
549 541 612 562 non
643 530 778 563 multum
807 537 856 562 est
886 530 1079 563 difficultatis
1119 532 1182 574 (cf.
1208 532 1266 565 lib.
1288 533 1304 565 I
1331 535 1359 573 §-
1384 534 1465 576 37),
1502 546 1607 578 neque
1635 522 1737 569 maior
1765 538 1798 568 in
1824 538 1870 570 btv

245 589 386 622 Genitivi
410 597 503 627 nota,
538 598 631 631 quam
657 598 728 619 eum
751 588 930 619 recentiore
953 587 1147 620 Hebraismo
1167 600 1367 623 communem
1392 591 1512 623 habeut
1533 592 1733 625 Phoenices:
1772 604 1869 626 unum

243 657 321 678 vero
344 645 568 688 disputandum
591 650 756 687 superest,
780 643 914 676 verbum
937 652 997 689 pt:
1022 651 1127 676 utrum
1141 647 1247 677 active
1265 657 1306 679 au
1326 648 1452 689 passive
1468 650 1672 691 cogitandum
1688 651 1741 682 sit.
1786 649 1867 682 Illud

244 705 273 736 si
293 713 462 746 sumeres,
492 703 653 735 sententia
681 707 796 734 esseu—
812 701 994 734 imnolatun
1023 705 1073 733 eet
1094 700 1155 740 hoc
1177 704 1210 735 in
1234 702 1322 743 loco,
1355 714 1373 735 o
1394 704 1522 738 domine
1543 705 1719 747 (Saturnus
1741 717 1768 738 s.
1794 707 1865 738 Ilus

243 762 286 803 ’κς
314 758 542 801 intelligendus
572 758 716 799 videtur)
744 768 856 790 servm
884 762 977 797 tuus,
1008 757 1195 799 filiur'rfic
1225 757 1268 791 N.
1298 758 1359 799 N.,
1399 761 1432 793 in
1457 772 1520 804 quo
1542 769 1648 795 tamen
1672 762 1733 795 hoc
1757 762 1869 805 displi-

242 824 347 856 ceret,
385 816 470 867 quod
497 826 576 858 puer
605 825 646 846 ne
677 815 806 847 nomine
836 814 962 857 quidem
994 822 1260 848 commemoratus
1289 817 1396 849 cultor
1419 817 1477 850 dea·
1503 818 1738 861 appellaretur,
1773 830 1866 862 quant

241 876 344 916 ipsam
367 872 409 906 ob
432 882 577 904 caussam
601 871 724 904 admitti
747 871 843 903 etiam
867 872 977 913 nequit
997 870 1062 903 alia
1083 870 1262 905 litterarum
1284 883 1327 907 »κ
1345 876 1524 916 expositio:
1549 881 1632 918 ’μιν
1657 885 1719 910 mn&
1743 875 1783 909 cf,
1805 874 1868 907 Cit,

242 933 293 968 33,
307 933 338 962 3.
382 929 528 962 Praestat
548 929 646 970 igitur
668 928 771 959 active
794 927 946 959 reddere:
969 929 1158 967 immolavit,
1181 929 1319 969 domiue,
1342 941 1455 964 servm
1477 936 1552 964 tuus·
1561 932 1676 971 filium
1690 935 1746 974 τῆς
1773 955 1866 964 .....

240 989 263 1024 i.
287 997 316 1018 e.
347 985 513 1018 immolavi
539 993 601 1026 ego
622 983 737 1021 fillum
765 985 839 1023 τῆς,
877 983 916 1014 de
941 994 1004 1025 qua
1028 986 1187 1016 sententia
1210 991 1293 1034 Τις»
1326 988 1348 1019 i.
1371 998 1401 1020 e.
1430 989 1647 1033 inscriptionis
1670 996 1780 1023 auctor
1803 999 1866 1021 non

240 1042 323 1075 alius
345 1048 394 1073 est
417 1051 512 1082 quam
534 1040 625 1081 pueri
645 1049 724 1071 avus
744 1049 820 1072 mox
835 1040 1152 1079 commemorandus,
1176 1043 1229 1083 qui
1243 1042 1436 1078 sacrificium
1450 1046 1575 1077 numini
1593 1045 1702 1078 offerri
1720 1047 1867 1078 iusserat.

370 1097 520 1139 Quinque
549 1097 643 1138 signa
670 1097 837 1137 sequentia
864 1096 1029 1128 continent
1050 1106 1082 1128 n.
1105 1107 1151 1137 pr.
1176 1101 1292 1130 matris
1312 1101 1404 1141 pueri
1431 1101 1599 1134 immolati.
1642 1101 1759 1134 Matris
1783 1102 1867 1140 dico,

241 1167 304 1189 non
327 1155 444 1198 patris,
473 1154 616 1195 sequitur
638 1154 723 1185 enim
746 1162 791 1186 n:
801 1152 896 1191 filia.
941 1153 1006 1184 Sed
1028 1153 1159 1184 nonnisi
1181 1153 1264 1185 duae
1285 1161 1466 1195 postremae
1488 1155 1616 1190 litterae
1631 1167 1674 1192 nv
1699 1157 1866 1201 (populus,

240 1224 270 1244 v.
287 1224 319 1255 p.
334 1211 410 1252 355)
427 1212 571 1252 integrae
586 1215 675 1241 suut:
692 1209 787 1241 trium
803 1210 944 1252 priorum
959 1211 1125 1252 signorum
1141 1208 1265 1241 initiale
1281 1216 1330 1242 est
1342 1210 1433 1250 Nun,
1450 1214 1625 1246 secundum
1642 1216 1769 1257 signum
1786 1212 1866 1246 illud

241 1271 414 1306 incertum,
445 1268 514 1299 sive
539 1265 622 1304 Phe,
653 1266 722 1298 sive
743 1264 844 1305 Beth,
872 1267 942 1298 sive
964 1265 1056 1303 Van
1087 1266 1236 1305 tertium,
1263 1266 1368 1308 quoad
1390 1278 1431 1300 ex
1452 1268 1564 1301 infima
1585 1277 1675 1311 parte
1695 1271 1865 1309 iudicatur,

242 1332 296 1357 aut
317 1323 397 1356 Nun
420 1331 468 1355 est
490 1329 544 1355 aut
569 1321 680 1354 Thau:
709 1319 811 1364 possit
832 1324 929 1355 etiam
951 1321 1060 1355 Resch
1081 1322 1192 1356 fuisse.
1239 1321 1352 1356 Oritur
1369 1324 1443 1357 inde
1459 1324 1510 1357 vel
1526 1335 1623 1361 niv-³7:
1645 1324 1725 1369 (lux
1739 1324 1866 1368 populi)

242 1381 291 1413 vel
314 1386 419 1426 mvnss:
442 1378 611 1422 (surculus
634 1378 780 1422 populi),
819 1377 870 1410 vel
893 1378 998 1411 simile
1023 1379 1117 1422 quid,
1155 1380 1238 1422 quod
1261 1379 1408 1424 relinquo
1432 1383 1620 1424 opinaturis.

295 1478 297 1481 ι
369 1437 518 1478 Sequitur
545 1436 713 1467 interiecto
747 1444 791 1469 n:
826 1435 911 1478 (na)
936 1442 968 1467 et
989 1434 1017 1467 ’Β
1040 1451 1084 1464 =
1107 1444 1190 1478 77:³³
1212 1447 1328 1468 nomeu
1351 1438 1470 1479 patris,
1509 1439 1562 1480 qui
1583 1449 1662 1470 avus
1684 1446 1753 1469 erat
1774 1440 1865 1481 pueri

239 1494 412 1527 immolati:
449 1500 639 1531 mammo,
681 1493 764 1535 quod
792 1491 886 1535 lego:
923 1501 1017 1535 :5355ss
1049 1494 1124 1536 urg-'02
1153 1492 1350 1535 praefectus
1379 1497 1583 1533 venationis,
1621 1506 1662 1526 ex
1692 1498 1762 1538 περὶ)
1791 1496 1812 1525 i.
1836 1506 1864 1537 q.

241 1552 317 1596 Ἶτςςίύ
344 1550 432 1583 arab.
451 1550 540 1598 joh...
559 1549 772 1591 praefectus,
806 1559 828 1583 Ν
849 1555 910 1580 art.
931 1555 964 1580 et
985 1558 1054 1582 nux
1076 1564 1120 1578 =
1143 1556 1244 1595 27:¹³3,
1274 1558 1336 1592 ἠις
1360 1551 1459 1592 (pun.
1481 1551 1575 1589 sida,
1598 1551 1864 1592 zida),venatio.

240 1612 290 1644 De
314 1609 451 1643 Sameclt
471 1608 578 1640 littera
599 1619 699 1650 supra
723 1609 841 1640 dictum
865 1615 933 1647 est,
955 1609 988 1641 in
1012 1607 1143 1651 reliquis
1167 1608 1249 1640 nihil
1272 1609 1361 1642 dubii
1383 1610 1477 1640 inest.

368 1665 459 1704 Quae
490 1666 542 1697 avi
572 1675 688 1696 nomen
717 1666 899 1706 excipiunt,
936 1665 976 1702 ad
1011 1665 1198 1708 dignitatem
1223 1667 1292 1698 eius
1315 1667 1474 1708 pertinent
1496 1673 1527 1698 et
1549 1668 1593 1698 ita
1615 1666 1752 1710 legenda
1773 1674 1864 1699 sunt:

241 1736 284 1758 nx
305 1725 387 1758 ’bum
424 1731 458 1766 7:
479 1723 518 1756 bs
542 1730 584 1754 nv
608 1730 698 1754 nww
730 1732 821 1764 quem
843 1720 992 1764 ponebat
1014 1722 1157 1765 populus
1179 1732 1278 1764 super
1297 1722 1410 1760 filium
1434 1723 1647 1755 dominatoris
1663 1724 1784 1766 populi
1804 1730 1863 1755 cet.

240 1783 434 1814 Litterarum
463 1785 603 1820 potestas
632 1779 709 1809 satis
740 1784 827 1809 certa
857 1785 923 1809 est:
966 1778 1192 1820 grammaticae
1227 1785 1332 1810 autem
1364 1780 1619 1821 interpretationi
1650 1779 1730 1811 haec
1760 1781 1865 1811 inser—

240 1838 334 1870 viant.
380 1836 428 1877 Ac
457 1837 488 1875 1)
511 1845 554 1868 ny
579 1833 755 1877 (populus)
787 1841 983 1866 contractum
1010 1833 1090 1867 illud
1121 1845 1163 1866 ex
1190 1845 1256 1868 nm
1287 1835 1369 1867 hanc
1397 1837 1499 1878 ipsam
1528 1836 1571 1869 ob
1605 1847 1750 1868 caussam
1773 1836 1864 1868 femi—

240 1896 351 1926 ninum
375 1893 476 1924 videri
499 1893 613 1935 possit:
637 1891 722 1934 quod
745 1889 954 1927 nihilomiuus
976 1890 1009 1922 h.
1024 1890 1046 1922 l.
1065 1902 1136 1923 cum
1153 1891 1252 1924 verbo
1270 1891 1446 1924 masculino
1460 1902 1524 1926 mv*
1548 1893 1663 1940 (maiss)
1685 1892 1860 1935 copulatur,

241 1962 302 1983 non
336 1951 438 1992 magis
467 1950 583 1980 mirum
613 1955 678 1986 est,
717 1957 810 1990 quam
841 1947 925 1990 quod
955 1947 1039 1990 apud
1063 1947 1231 1980 Hebraeos
1254 1945 1380 1992 qu⁴oque
1404 1951 1535 1982 nomina
1557 1955 1640 1990 niu,
1660 1945 1863 1996 'n⁷3=3‚'mzjss,

239 2009 299 2040 etsi
338 2006 462 2049 proprie
498 2005 670 2043 feminina,
714 2003 849 2035 subinde
879 2014 950 2035 cum
988 2003 1166 2036 masculino
1203 2006 1371 2038 coniuncta
1406 2008 1625 2049 reperiuntur,
1669 2017 1730 2049 qua
1763 2006 1802 2037 de
1828 2016 1862 2036 re

207 2066 210 2069 ’
240 2065 312 2096 vide
334 2062 416 2105 Lgb.
440 2074 472 2104 p.
495 2064 568 2094 474.
621 2061 652 2101 2)
675 2059 850 2092 offendere
880 2060 997 2104 aliquis
1027 2062 1130 2103 possit
1151 2052 1188 2092 iuv
1209 2072 1267 2093 usu
1291 2061 1389 2094 futuri
1411 2072 1494 2103 ηπ»,
1531 2074 1627 2106 quum
1651 2064 1689 2095 de
1712 2074 1746 2094 re
1768 2073 1859 2104 prae-

238 2122 333 2154 terita
362 2126 484 2162 agatur.
536 2118 600 2149 Sed
632 2117 717 2150 haud
748 2119 815 2149 scio
845 2129 885 2149 an
918 2116 1064 2149 consulto
1094 2117 1156 2149 hoc
1185 2125 1307 2161 tempus
1338 2121 1479 2161 posuerit
1502 2120 1718 2161 inscriptionis
1739 2125 1861 2156 auctor,

237 2176 289 2208 vel
319 2177 394 2219 quia
424 2173 645 2206 Sotrasidatho
677 2185 760 2206 nuuc
789 2175 1003 2206 cummaxime
1032 2175 1178 2217 protegis
1207 2185 1321 2207 munus
1350 2176 1574 2208 demandatum
1598 2182 1681 2213 erat,
1716 2173 1766 2204 vel
1789 2175 1862 2216 quia

239 2234 350 2266 eodem
380 2234 444 2263 iani
474 2233 604 2274 saepius
632 2239 700 2262 erat
727 2231 865 2262 functus.
916 2233 948 2272 3)
969 2232 1028 2263 Jod
1047 2233 1084 2263 in
1107 2233 1190 2266 *hum
1214 2233 1311 2263 statui
1334 2239 1516 2264 constructo
1539 2242 1698 2263 annexum
1722 2236 1790 2269 est,
1827 2237 1861 2262 ut

238 2291 272 2321 in
295 2297 354 2337 ⁵30,
378 2288 455 2336 *2³:525
485 2287 579 2319 Deut.
605 2290 657 2326 33,
683 2290 742 2326 16,
775 2296 862 2330 Ἶηῦῑη
884 2291 965 2335 Ἒρςῇ
987 2287 1039 2319 Ps.
1066 2291 1138 2327 114,
1160 2293 1191 2320 8.
1222 2309 1259 2313 -
1305 2288 1384 2320 Erat
1406 2290 1521 2332 igitur,
1547 2290 1577 2319 si
1599 2295 1684 2318 recte
1706 2288 1861 2328 iuterpre-

239 2347 297 2377 tati
326 2357 455 2384 sumus,
489 2343 734 2376 Sotrasidathus
758 2355 840 2376 unus
864 2355 905 2375 ex
931 2343 1116 2386 proceribus
1140 2346 1209 2388 regi
1230 2344 1281 2377 vel
1304 2345 1441 2388 principi
1463 2346 1571 2376 iuveni
1591 2345 1736 2386 protegis
1759 2344 1861 2375 instar

240 2403 425 2440 adiunctus,
462 2402 641 2433 cuiusmodi
667 2402 760 2432 amici
791 2402 874 2443 regii
899 2402 983 2443 apud
1013 2399 1196 2433 orientales
1214 2407 1332 2444 patres
1354 2405 1445 2444 regis
1465 2400 1619 2444 appellari
1641 2400 1787 2432 solebant
1809 2400 1859 2441 (v.

241 2458 319 2491 Gen.
343 2460 396 2496 45,
418 2461 447 2490 8.
480 2457 580 2490 Thes.
602 2456 681 2500 ling.
704 2456 795 2489 hebr.
819 2457 834 2488 I
865 2469 894 2500 p.
914 2458 966 2499 7).

366 2513 500 2557 Reliqua
523 2525 623 2557 usque
643 2515 682 2546 ad
706 2520 898 2557 postremam
920 2513 1089 2547 formulam
1112 2522 1146 2547 et
1166 2526 1279 2547 manca
1301 2521 1334 2545 et
1353 2513 1469 2545 dubiae
1485 2515 1758 2556 interpretationis
1772 2521 1856 2552 suut,

240 2573 271 2603 in
297 2571 410 2615 quibus
433 2570 617 2613 supplendis
641 2578 672 2602 et
695 2571 892 2614 explicandis
915 2570 994 2603 mihi
1013 2582 1075 2604 non
1097 2573 1267 2604 satisfacio.
1312 2571 1503 2613 Perspicuae
1525 2578 1600 2603 sunt
1620 2570 1745 2603 litterae
1769 2579 1856 2604 mur:
