2242 2976
823 211 833 231 O

305 293 646 335 P'SEUDOPHOEN.
662 300 721 333 ET
738 299 860 334 SPUR.
880 300 1071 334 LXXVIII.
1086 301 1250 334 LXXIX.
1271 300 1425 333 CYREN.
1442 301 1501 334 ET
1516 301 1787 336 ATLANTICA.
1831 304 1907 342 249

406 395 551 427 Priorem
588 394 677 427 illam
713 394 909 438 bilinguem,
949 396 1040 427 cuius
1075 394 1257 437 exemplum
1293 396 1326 427 in
1361 395 1489 427 schedis
1520 396 1715 438 Spohnianis
1745 403 1906 439 repertum

277 462 402 485 mecum
428 453 719 484 communicaverat
749 451 842 484 Gust.
872 451 1093 492 Seyffarthus,
1123 453 1204 494 ipse
1222 453 1342 493 primus
1364 453 1450 483 edidi
1472 458 1504 483 et
1526 452 1684 494 explicui,
1718 454 1750 484 in
1775 452 1906 486 libello:

277 507 334 540 De
355 511 572 551 inscriptione
585 508 930 541 Phoenicio-Graeca
952 511 988 540 in
1014 508 1197 550 Cyrenaica
1221 518 1325 549 nuper
1347 513 1482 550 reperta
1505 509 1551 540 ad
1573 509 1906 551 Carpocratianorunt

278 563 432 597 haeresin
440 568 633 606 pertinente
648 568 884 596 commentatio.
906 563 1011 595 Halae
1027 568 1107 596 1825
1128 563 1201 606 (vel
1218 566 1322 606 potius
1338 565 1400 595 iam
1417 568 1498 596 1824
1516 569 1668 607 exeunte)
1692 567 1723 597 in
1742 568 1907 608 quaternis

279 622 376 660 edito,
398 621 484 652 hunc
500 622 533 652 in
549 611 678 652 modurn
695 621 734 652 de
752 631 791 652 ea
806 627 958 652 statuens.
990 620 1097 658 Quum
1113 620 1230 652 multas
1247 621 1288 652 ob
1305 631 1417 652 causas
1434 628 1465 652 et
1478 620 1518 652 ob
1536 622 1637 663 ipsam
1653 621 1816 664 Olympici
1829 625 1906 654 anni

278 679 474 710 notationem
490 684 565 708 ante
581 676 749 709 Timaeum
766 687 897 719 prorsus
913 678 1109 719 incognitam
1124 676 1256 719 (Polyb.
1273 676 1314 709 T.
1331 677 1361 708 V
1378 688 1406 719 p.
1420 680 1456 708 31
1474 677 1673 720 Schweigh.)
1691 690 1746 720 pro
1763 680 1904 721 genuino

277 732 480 775 Olympiadis
500 734 716 775 octogesimae
740 740 851 765 sextae
873 733 941 765 fetu
971 733 1084 765 haberi
1113 744 1177 765 non
1206 741 1315 775 posset
1339 732 1389 775 (p.
1412 735 1487 774 15),
1517 741 1630 766 contra
1651 742 1757 766 autem
1780 736 1903 768 fraudis

276 790 348 822 heri
378 790 504 822 demum
536 788 589 820 vel
618 790 734 821 nudius
764 791 877 821 tertius
907 791 1098 822 commissae
1127 797 1255 832 propter
1278 797 1413 821 externa
1435 789 1490 822 illa
1513 792 1696 823 testimonia
1730 791 1780 823 vel
1805 780 1904 834 parva

278 845 329 878 vel
351 845 441 878 nulla
461 846 602 888 suspicio
624 853 728 885 esset,
757 854 999 881 monumentum
1022 846 1102 878 illud
1125 858 1144 878 a
1167 846 1328 878 Gnosticis
1351 845 1552 888 Cyrenaicis,
1582 847 1903 889 Carpocratianorum

276 902 404 934 haeresi
424 903 578 941 addictis,
606 913 645 933 eo
671 902 807 934 consilio
831 902 1003 935 confictum
1025 903 1212 941 censebam,
1250 910 1285 934 ut
1306 910 1397 945 turpe
1418 915 1511 935 suum
1543 904 1582 935 de
1612 903 1767 936 bonorum
1793 904 1906 936 mulie-

276 970 411 1001 rumque
433 960 658 990 communione
680 959 842 991 decretum
865 958 989 1000 (Clem.
1013 959 1110 991 Alex.
1134 959 1285 991 Stromm.
1308 959 1374 998 ΙΙΙ,
1398 971 1428 1002 p.
1447 963 1508 992 512
1532 959 1643 1001 sylb.)
1666 960 1851 993 zoroastris
1874 969 1908 993 et

275 1014 494 1057 Pythagorae,
517 1025 596 1056 quos
619 1022 769 1057 tanquam
792 1025 934 1046 summos
957 1015 1186 1057 hierophantas
1208 1015 1402 1056 suspiciebat
1421 1017 1567 1058 gnostica
1582 1024 1689 1055 aetas,
1713 1019 1903 1049 auctoritate

275 1077 440 1102 tuerentur
463 1069 631 1112 legemque
654 1072 820 1112 mysticam
846 1077 998 1113 tanquam
1020 1070 1132 1102 salutis
1156 1071 1338 1113 favor-isque
1357 1072 1457 1102 divini
1473 1072 1595 1106 fontem
1611 1074 1722 1113 mystis
1743 1084 1904 1106 commen-

275 1128 404 1159 darent:
430 1137 524 1170 quam
546 1126 674 1169 quidem
697 1128 889 1158 sententiam
911 1138 1006 1169 quum
1031 1128 1064 1158 in
1082 1128 1266 1158 universum
1281 1127 1436 1159 suadebat
1451 1139 1548 1169 prava
1564 1127 1651 1159 illius
1668 1130 1783 1161 aetatis
1801 1129 1903 1162 libros

275 1191 308 1216 et
330 1185 519 1216 documenta
542 1185 679 1216 cudendi
702 1184 898 1215 consuetudo
921 1183 968 1225 *),
999 1190 1065 1214 tum
1088 1185 1228 1215 maxime
1252 1195 1331 1225 quae
1355 1184 1394 1214 de
1414 1187 1632 1216 communione
1652 1184 1805 1239 bonorum
1827 1187 1902 1229 lege

275 1241 390 1273 divina
426 1242 598 1272 constituta
634 1247 666 1272 et
697 1241 832 1272 divinae
861 1243 1014 1271 iustitiae
1043 1241 1162 1270 eximio
1192 1242 1374 1271 testimonio
1405 1243 1445 1280 **)
1482 1240 1644 1272 iactabant
1676 1240 1725 1272 illi
1756 1241 1902 1275 homines

276 1297 477 1339 Pythagorae
500 1304 531 1328 et
552 1296 716 1328 Zoroastri
737 1295 876 1328 asseclas
899 1307 934 1327 se
959 1296 1177 1328 venditantes:
1212 1307 1232 1327 a
1254 1307 1304 1327 me
1327 1298 1521 1338 propositam
1544 1297 1725 1339 probabant
1748 1297 1903 1331 historiae

277 1353 514 1385 ecclesiasticae
534 1360 727 1385 scrutatores
753 1364 832 1395 quos
856 1353 920 1383 vidi
937 1363 1047 1383 omnes
1070 1351 1120 1394 (v.
1136 1352 1256 1383 Matter
1271 1353 1346 1384 hist.
1364 1353 1405 1383 du
1423 1352 1636 1384 Gnosticisme
1660 1352 1701 1384 T.
1717 1352 1757 1383 ΙΙ.
1781 1365 1810 1396 p.
1828 1358 1902 1387 290.

277 1409 428 1442 Neander
448 1409 573 1452 allgem.
599 1409 792 1441 Geschichte
817 1394 874 1440 der'
895 1407 1016 1440 christl.
1043 1407 1166 1440 Kirche
1189 1407 1229 1439 T.
1252 1408 1276 1439 Ι.
1300 1408 1374 1457 Vql.
1397 1407 1437 1440 lt.
1461 1420 1490 1450 p.
1509 1411 1583 1456 773.
1617 1408 1764 1440 Gieseler
1778 1410 1899 1443 Lehrb.

277 1467 334 1499 der
356 1466 687 1509 Kirchengeschichte
710 1465 750 1497 Τ.
772 1465 800 1497 l.
823 1477 852 1508 p.
875 1468 914 1497 58
938 1465 987 1496 ed.
1011 1465 1070 1505 3):
1102 1464 1259 1507 probabat
1280 1466 1376 1496 etiam
1401 1465 1604 1496 Hamakerus
1626 1467 1658 1496 in
1682 1465 1767 1497 libro
1789 1467 1900 1509 paullo

277 1530 350 1565 post
381 1535 485 1555 meum
516 1525 618 1556 edito:
654 1525 775 1557 Lettre
797 1523 817 1553 ὰ
838 1522 907 1553 Mr.
930 1522 1060 1553 Raoul-
1069 1521 1232 1552 Rochette
1261 1532 1317 1552 sur
1338 1532 1401 1553 une
1424 1525 1620 1563 inscription
1651 1532 1691 1553 en
1715 1525 1900 1556 caracteres

274 1579 467 1623 phe'm‘ciens
497 1586 530 1612 et
554 1592 669 1623 grece,
706 1580 897 1611 recemment
918 1578 1111 1609 decouverte
1141 1578 1161 1608 ὰ
1194 1577 1326 1618 Cyrene.
1363 1578 1483 1618 Leyde.
1517 1580 1607 1610 1825.
1637 1582 1677 1616 4,
1712 1579 1744 1609 in
1777 1580 1901 1613 duobus

277 1643 399 1668 tantum
422 1648 442 1668 a
464 1648 515 1668 me
539 1638 742 1669 dissentiens.
786 1636 946 1677 Linguam
968 1635 1053 1665 enim
1075 1634 1290 1675 inscriptionis
1315 1633 1498 1672 orientalis,
1537 1645 1630 1676 quam
1657 1645 1717 1676 ego
1740 1635 1900 1669 facticiam

278 1699 311 1724 et
338 1703 380 1724 ex
409 1694 541 1726 vocibus
573 1693 722 1726 hebraeis
752 1693 973 1733 aramaeisque
1002 1691 1254 1722 consarcinatam
1285 1691 1561 1729 existimaveram,
1595 1681 1802 1723 *Hamakerus
1825 1703 1900 1725 vere

281 1747 486 1781 Phoeniciam
521 1756 552 1781 et
588 1749 731 1792 linguam
766 1748 1000 1789 Cyrenaeorum
1038 1746 1204 1778 hominum
1234 1748 1368 1788 patriam
1400 1746 1500 1778 fuisse
1533 1745 1683 1788 putabat:
1721 1747 1794 1779 dein
1825 1748 1900 1781 huic

277 1803 489 1847 explicandae
520 1816 632 1837 recens
664 1804 884 1836 Melitensium
906 1804 1026 1834 idioma
1054 1803 1189 1834 subinde
1221 1803 1435 1834 adhibendum
1459 1803 1568 1841 duxit,
1599 1803 1684 1845 quod
1705 1803 1785 1835 mihi
1809 1805 1899 1838 nefas

276 1861 447 1893 videbatur
473 1862 548 1902 ***),
581 1872 677 1903 quum
708 1860 927 1892 Melitensium
957 1860 1076 1890 idioma
1105 1870 1148 1890 ex
1176 1858 1301 1901 vulgari
1331 1858 1475 1890 Arabum
1505 1858 1732 1892 Africanorum
1762 1860 1899 1893 dialecto

279 1924 383 1949 ortum
407 1929 478 1949 esse
501 1924 678 1956 constaret,
701 1917 786 1949 unde
808 1916 943 1954 factum,
967 1922 1001 1946 ut
1023 1914 1177 1946 nonnulla
1199 1916 1417 1957 inscriptionis
1439 1916 1537 1947 verba
1559 1917 1661 1958 magis
1684 1927 1726 1948 ex
1741 1919 1899 1950 sententia

278 1976 418 2006 auctoris
439 1973 580 2017 legeret,
616 1985 709 2016 quam
732 1984 792 2016 ego
814 1973 963 2004 feceram.
1008 1971 1059 2002 De
1081 1971 1146 2002 fide
1165 1970 1249 2002 tituli
1272 1978 1346 2002 tunc
1369 1971 1534 2003 dubitabat
1556 1983 1667 2005 nemo:
1699 1984 1793 2005 nemo
1815 1983 1900 2006 certe

279 2029 493 2062 dubitationes
515 2030 620 2072 palam
642 2030 805 2072 professus
828 2036 893 2067 est,
934 2039 1111 2071 quanquam
1135 2027 1282 2069 Koppius
1306 2034 1338 2058 et
1360 2026 1545 2060 Boeckhius
1575 2029 1719 2061 fraudem
1747 2032 1900 2072 suspicati

279 2097 350 2118 esse
366 2087 514 2118 videntur
522 2086 584 2128 †):
607 2094 638 2118 et
653 2088 761 2118 nescio
778 2097 818 2117 an
835 2086 975 2117 omnium
991 2085 1146 2127 suffragia
1160 2083 1286 2115 tulisset
1301 2083 1499 2116 adulterinus
1515 2084 1567 2116 hic
1582 2085 1676 2124 fetus,
1700 2087 1760 2118 nisi
1778 2086 1900 2119 falsarii

279 2153 433 2185 prospero
455 2143 577 2175 fraudis
600 2150 717 2174 eventu
740 2143 927 2174 audaciores
951 2141 1028 2172 facti
1049 2142 1090 2173 ad
1113 2151 1197 2172 nova
1219 2148 1399 2172 commenta
1424 2152 1500 2173 mox
1526 2142 1666 2173 animum
1689 2142 1898 2185 appulissent.

330 2267 359 2304 ¹¹)
377 2271 448 2298 Vide
468 2280 536 2305 quae
557 2271 665 2299 laudavi
684 2271 747 2297 diss.
768 2273 813 2297 cit.
836 2279 861 2304 p.
884 2271 910 2297 6.
929 2273 959 2303 7,
990 2278 1054 2304 prae

281 2320 377 2347 ceteris
395 2325 497 2354 autem,
522 2329 589 2355 quae
608 2321 642 2346 de
660 2319 780 2353 episcopi
798 2319 942 2353 Cyrenaici
960 2318 1054 2345 frande

281 2368 407 2395 litteraria
438 2374 528 2395 narrat
558 2370 598 2396 Io.
632 2369 776 2401 Moschus,
810 2367 878 2402 prati
910 2367 1055 2401 spiritualis

283 2425 340 2450 cap.
361 2418 419 2444 195.

330 2488 385 2523 **)“
406 2491 467 2524 Ipse
491 2491 644 2524 Epiphanes
664 2489 762 2515 librum
780 2492 968 2523 composuerat
990 2490 1054 2522 περὶ

284 2533 471 2572 δικαιοσύνης,
496 2539 524 2564 in
543 2548 595 2572 qna
613 2540 680 2565 haec
702 2539 735 2564 de
753 2540 849 2563 iustitia
861 2539 946 2563 divina
963 2541 989 2563 et
1001 2540 1055 2569 lege

284 2584 407 2611 doctrina
424 2587 586 2619 exponitur,
613 2596 641 2615 v.
664 2587 747 2614 clem.
766 2587 847 2612 Alex.
866 2587 884 2611 l.
903 2595 926 2612 c.

336 2653 396 2688 '¹**)
409 2655 477 2682 Vide
488 2657 677 2683 Hamakeriani
689 2657 779 2691 operis
791 2664 931 2683 censuram
945 2656 1056 2690 Ephem,

1123 2270 1174 2295 litt.
1192 2270 1254 2295 Hal.
1277 2270 1343 2296 1826
1369 2277 1414 2296 no.
1440 2272 1500 2296 110.
1541 2271 1641 2296 Mirum
1660 2272 1800 2305 profecto,
1827 2272 1898 2305 quod

1123 2318 1296 2350 Rumakan-0,
1323 2317 1368 2351 qui
1387 2324 1412 2343 ta
1433 2318 1552 2345 Genitivi
1570 2324 1660 2346 notam
1680 2321 1749 2353 apud
1769 2320 1898 2347 Meliten-

1124 2374 1167 2392 ses
1189 2366 1217 2391 in
1244 2366 1321 2392 tilulo
1346 2371 1439 2393 nostro
1457 2372 1621 2403 agnoverat,
1646 2367 1819 2394 nihilominus
1838 2377 1897 2394 eum

1123 2419 1218 2441 vetere
1253 2414 1418 2440 Phoenicum
1449 2424 1574 2442 sermone
1599 2416 1756 2449 inscriptum
1782 2417 1897 2450 putabat.

1125 2462 1249 2489 Ceterum
1261 2463 1384 2496 profecto
1397 2472 1452 2490 non
1467 2469 1539 2496 erat,
1558 2473 1606 2490 cnr
1625 2464 1669 2490 vir
1686 2466 1779 2490 doctus
1798 2464 1897 2498 primae

1124 2510 1250 2537 editionis
1272 2512 1385 2544 palmam
1409 2521 1423 2537 a
1443 2521 1486 2538 rne
1505 2512 1556 2538 sibi
1578 2517 1695 2546 ereptam
1713 2517 1765 2538 tam
1780 2512 1898 2547 graviter

1124 2560 1225 2593 ferret,
1250 2568 1331 2593 quum
1345 2560 1452 2593 utrique
1465 2564 1585 2585 nostrum
1600 2560 1751 2594 impositum
1766 2564 1844 2585 esset.

1175 2607 1207 2641 ᾧ)
1225 2608 1296 2634 Vide
1316 2607 1395 2641 Corp.
1416 2608 1497 2634 inscr.
1518 2609 1553 2634 T.
1574 2609 1594 2633 Ι.
1614 2608 1698 2641 praef.
1715 2616 1740 2640 p.
1758 2609 1851 2641 XXX,
1870 2612 1896 2634 et

1125 2657 1209 2690 praef.
1226 2656 1259 2682 ad
1274 2656 1328 2682 ind.
1343 2656 1404 2681 lect.
1421 2656 1514 2681 Berol.
1530 2655 1624 2682 aestiv.
1643 2657 1710 2682 1832
1729 2664 1756 2688 p.
1770 2654 1796 2681 4.

1498 2708 1537 2736 32
