2242 2976
442 284 819 319 PALAEOGRAPHIA
841 284 1126 318 COMPARATA.
1172 284 1216 317 A.
1241 282 1491 316 SCRIPTURA
1515 282 1704 317 GRAECA.
1835 284 1885 325 67

381 380 474 413 Zade
496 380 622 413 litterae
645 387 766 413 certum
790 381 960 423 vestigium
984 379 1130 421 equidem
1153 377 1235 419 apud
1252 376 1394 409 Graecos
1416 388 1480 410 non
1502 379 1637 420 reperio.
1682 378 1776 418 Quod
1796 386 1880 416 enim

256 437 344 470 Zade
374 438 509 470 eandem
538 437 679 470 litteram
709 448 780 469 esse
811 438 920 469 dieunt
929 438 977 476 *)‚
1006 442 1100 478 atque
1129 433 1226 472 Zeta,
1255 434 1288 465 id
1318 433 1397 465 mihi
1420 435 1611 476 persuadere
1641 447 1705 469 non
1735 449 1880 480 possum,

254 508 351 541 quum
366 496 445 529 Zeta
459 502 524 528 tum
539 495 643 526 forma
656 501 688 526 et
701 500 873 537 potestate,
897 499 963 525 tum
985 492 1098 523 ordine
1120 497 1214 533 atque
1237 491 1366 521 nomine
1388 489 1513 523 litterae
1529 490 1609 523 Zain
1624 494 1817 535 respondeat
1825 498 1881 539 **):

255 554 382 585 videtur
404 554 502 596 igitur
525 551 630 590 Zade,
665 557 776 593 utpote
802 550 910 582 littera
939 557 1177 590 supervacanea
1205 558 1224 578 a
1255 547 1365 589 primis
1395 548 1500 579 statim
1528 547 1725 581 litteraturae
1746 562 1881 594 graecae

256 609 440 642 auctoribus
461 608 663 651 repudiatum
686 613 719 638 et
740 617 782 638 ex
800 605 977 638 litterarum
1001 605 1084 636 serie
1107 605 1243 635 eiectum
1266 613 1347 635 esse.

386 665 594 709 Antiquiores
615 664 712 706 igitur
733 662 859 695 litterae
881 660 1216 705 graecae-phoeniciis
1233 659 1318 691 hunc
1339 659 1373 690 in
1395 660 1524 692 modum
1547 662 1797 704 respondebant:

549 730 571 754 a
614 721 649 752 A
945 726 968 750 n
1017 717 1046 749 Θ
1343 724 1363 747 ³2
1410 716 1438 747 Ο

548 785 570 810 :t
620 777 650 808 Β
950 785 964 801 ³
1017 774 1039 805 Ι
1345 781 1364 804 n
1408 774 1445 804 Π

549 843 564 867 2
622 834 653 865 Γ
944 840 965 864 z
1017 831 1051 863 K
1348 836 1371 861 κ
1406 847 1449 853 -

551 900 571 924 't
619 890 652 922 A
945 889 964 923 b
1008 888 1047 919 A
1347 894 1368 930 p
1412 884 1530 918 Κόππα

543 938 577 981 ’π
619 946 834 988 E(h‚3‚e)
940 954 961 978 ⁷2
1006 945 1051 976 M
1341 952 1364 977 η
1409 943 1436 973 Ρ

549 1014 561 1038 7
620 1002 656 1036 F
690 1005 760 1035 Βαῦ
946 1010 959 1034 ³
1007 1001 1043 1031 N
1341 1007 1367 1031 m
1412 999 1442 1029 Σ
1463 999 1529 1029 Σαν

551 1068 564 1094 τ
618 1061 650 1090 Ζ
940 1065 960 1090 0
1005 1056 1107 1098 Σίγμα
1348 1064 1370 1088 n
1418 1056 1450 1085 T

550 1126 573 1150 n
617 1116 657 1146 H

258 1183 300 1203 ex
323 1182 386 1214 qua
407 1174 644 1214 comparatione
667 1169 762 1202 simul
783 1169 991 1213 intelligitur,
1014 1170 1172 1212 quomodo
1196 1168 1343 1201 Pliniana
1363 1166 1421 1199 illa
1442 1167 1481 1198 de
1503 1168 1643 1200 wdecim
1665 1169 1882 1202 octodecimve

255 1227 369 1260 litteris
378 1227 526 1260 Cadmeis
541 1229 650 1271 opinio
664 1234 734 1259 orta
747 1229 788 1259 sit
802 1227 964 1267 (hist.nat.
974 1229 1004 1265 7,
1015 1228 1083 1266 56).
1112 1225 1302 1269 Quanquam
1317 1229 1403 1259 enim
1419 1228 1480 1259 iste
1494 1225 1632 1258 sedecim
1650 1223 1881 1258 elementorum

259 1295 409 1316 numerus
429 1285 514 1316 iusto
538 1286 642 1316 minor
664 1291 732 1322 est,
755 1294 790 1315 re
813 1294 889 1315 vera
911 1290 1018 1315 tamen
1040 1282 1155 1314 Graeci
1177 1285 1372 1326 antiquiores
1396 1284 1506 1315 eiectis
1527 1281 1643 1313 litteris
1666 1281 1778 1320 Zade‚
1801 1281 1882 1321 San,

258 1340 382 1382 Koppa
404 1342 533 1372 nonnisi
554 1341 782 1382 undeviginti,
804 1345 836 1370 et
857 1341 891 1371 in
914 1346 1003 1371 tanta
1024 1339 1149 1371 litterae
1171 1339 1197 1371 Z
1219 1342 1351 1372 raritate
1374 1350 1484 1382 reapse
1502 1338 1630 1370 nonnisi
1652 1338 1885 1381 duodeviginti

259 1395 426 1428 elementis
450 1407 492 1428 ex
513 1396 688 1428 Phoenicia
709 1395 773 1427 sibi
794 1396 920 1427 traditis
943 1396 1130 1434 utebantur,
1160 1407 1252 1438 quem
1276 1398 1379 1438 ipsum
1402 1391 1568 1428 numerum
1591 1393 1707 1426 litteris
1730 1392 1881 1426 Cadmeis

260 1452 372 1484 tribuit
392 1452 584 1484 Aristoteles
607 1453 670 1495 (ap.
695 1451 777 1483 Plin.
799 1451 820 1483 l.
843 1451 898 1494 c.)-

385 1512 417 1540 4.
460 1509 654 1541 Litterarum
676 1519 863 1551 graecarum
886 1511 1017 1552 nomina
1038 1507 1090 1539 vel
1111 1510 1181 1551 ipsa
1201 1515 1277 1540 sunt
1296 1508 1465 1551 phoenicia
1480 1514 1511 1539 et
1527 1507 1668 1539 hebraea
1691 1505 1743 1548 (“Ἐ
1760 1522 1805 1536 =
1820 1515 1879 1546 ΝΗ,

258 1566 328 1597 Βαῢ
342 1580 387 1594 =
401 1574 442 1612 η,
465 1567 535 1597 Ταῦ
548 1581 593 1594 =
608 1576 646 1610 πῃ
655 1565 679 1606 ),
703 1565 754 1597 vel
771 1565 834 1597 sibi
847 1565 988 1597 additum
1002 1564 1122 1596 habent
1137 1577 1167 1603 α,
1190 1565 1273 1607 quod
1297 1566 1392 1596 etiam
1414 1563 1486 1595 aliis
1503 1562 1711 1595 substantivis
1728 1552 1881 1599 extremis

257 1622 416 1654 adiectum
440 1623 599 1664 reperitur
621 1633 663 1654 ex
679 1622 853 1653 Phoenicia
873 1622 906 1653 in
931 1620 1098 1652 Graeciam
1119 1622 1308 1653 transvectis
1333 1621 1399 1666 (5ςὲ
1419 1619 1537 1660 νάβλα,
1562 1621 1630 1665 02:73
1649 1618 1790 1660 μάλθα),
1812 1621 1880 1651 sive

258 1690 277 1709 a
306 1685 390 1710 statu
419 1678 601 1721 emphatico
628 1678 860 1710 Aramaeorum
889 1677 1117 1720 repetendum,
1154 1679 1222 1714 sive
1250 1678 1397 1708 feminini
1425 1687 1523 1708 sexus
1535 1677 1589 1718 ***)
1619 1676 1800 1707 terminatio
1831 1683 1880 1707 est

258 1734 375 1778 (Ἄλφα
396 1750 440 1764 =
462 1737 569 1782 &2⁷:339
600 1740 694 1777 atque
725 1736 771 1766 ita
800 1736 904 1775 Βῆτα,
931 1733 1048 1775 Γάμμα
1076 1745 1133 1777 pro
1164 1733 1291 1775 Γάμλα,
1321 1733 1443 1777 Δέλτα,
1474 1735 1563 1774 Ζῆτα
1590 1744 1648 1776 pro
1678 1740 1774 1780 ⁸231,
1805 1732 1878 1764 vide

257 1873 315 1899 seio
334 1882 367 1899 au
389 1872 423 1899 sit
437 1872 466 1898 in
486 1872 617 1906 scriptura
633 1872 759 1902 Etrusca,
782 1870 811 1897 in
829 1878 881 1904 qua
898 1869 1036 1905 signorum

257 1922 282 1947 Z
290 1925 317 1947 et
325 1921 358 1948 Μ
367 1921 548 1948 diversitatem
559 1920 612 1946 iam
624 1923 792 1956 agnoverunt
803 1920 913 1944 Lanzius
927 1920 964 1951 (1,
973 1916 1035 1951 265)

259 1974 286 1995 et
307 1969 397 2001 Odosr.
410 1971 537 1996 Miiuerus
556 1969 685 2002 (Etrusker
704 1968 740 1998 11,
759 1976 786 2000 p.
805 1966 883 1999 307):
910 1968 1034 1999 „Wahr-

257 2018 390 2044 :cheir-lici·
408 2019 593 2043 unierschieden
612 2019 665 2042 also
683 2017 724 2042 die
743 2017 862 2042 Etrusker
882 2016 924 2040 die
940 2016 1034 2041 weit-he

257 2068 309 2092 und
326 2067 397 2092 hane
415 2066 527 2100 spirans,
545 2075 619 2091 unser
637 2074 649 2090 s
666 2066 717 2090 und
733 2074 766 2096 ss,
787 2065 833 2089 den
852 2062 962 2099 bussing
980 2065 1032 2089 und

257 2114 359 2150 hissing
381 2115 469 2141 sound
494 2116 538 2140 der
563 2114 720 2146 Engla'nder:
748 2113 811 2138 doeh
832 2113 884 2144 gibt
909 2121 934 2137 es
959 2113 1034 2137 kaurn

258 2165 328 2189 einen
356 2164 452 2189 sichem
482 2162 760 2193 Entscheidungsgrund
785 2159 834 2191 fiir
868 2161 910 2185 die
939 2162 1032 2193 Frage,

256 2212 361 2237 welcher
386 2221 435 2237 von
459 2212 547 2236 beiden
565 2212 609 2236 der
627 2211 726 2235 inlinere
742 2207 833 2234 war.“
870 2207 979 2242 [Nonne
999 2208 1030 2234 M

257 2270 292 2289 ex
316 2261 441 2289 orientali
466 2262 492 2286 in
517 2265 604 2287 ortum
623 2260 744 2295 asperior
761 2260 848 2286 littera
868 2258 1031 2293 putandam.

261 2311 363 2337 Eodem
388 2315 476 2337 autem
501 2310 583 2336 modo
612 2310 665 2335 duo
691 2308 822 2334 sibilantia
846 2309 1033 2334 Hebraeorum

257 2362 277 2386 0
298 2366 325 2389 et
344 2359 383 2392 ll),
410 2362 481 2395 apud
498 2362 583 2395 Syros
601 2365 628 2387 et
647 2360 751 2386 Arabes
772 2360 801 2386 in
818 2368 900 2386 unam
918 2359 1033 2386 litteram

257 2411 428 2443 eoaluernnt,
453 2410 490 2436 ita
509 2405 616 2443 quidem
634 2413 663 2434 ut
684 2408 746 2442 Syri
766 2416 816 2442 pro
837 2413 949 2442 utraque
963 2416 1034 2434 sem-

256 2466 304 2491 per
327 2459 443 2484 Seu-0011»
464 2466 499 2481 =
525 2458 658 2490 Sameeh,
689 2456 792 2483 Arabes
818 2458 862 2482 Sin
886 2460 1027 2490 ponerent.

255 2505 329 2532 Alias
347 2507 381 2533 de
400 2506 560 2533 sibilantium
582 2506 687 2533 ratione
708 2509 735 2532 et
755 2504 867 2531 historia
886 2504 1029 2532 sententias

257 2562 286 2579 v·
305 2553 331 2587 §-
352 2553 386 2581 47
404 2555 437 2581 ad
449 2554 555 2581 litteras
575 2556 599 2580 Z
615 2558 642 2581 et
658 2554 686 2579 Σ
701 2557 728 2580 et
745 2553 771 2587 §.
788 2554 839 2586 49,
857 2555 882 2579 2.

309 2601 335 2633 ³)
354 2604 454 2628 Boeckh
468 2604 720 2635 Siaatshaushaltung
732 2604 777 2629 der
789 2603 900 2629 Athener
917 2603 954 2636 ΙΙ,
967 2603 1026 2630 386.

257 2649 369 2683 Lepsius
386 2650 420 2676 de
436 2651 531 2677 tabulis
551 2651 697 2687 Eugubinis
714 2661 741 2686 p.
764 2652 807 2678 68.

1157 1870 1201 1905 ¹⁴³)
1218 1872 1262 1897 De
1276 1871 1367 1903 figura
1378 1869 1442 1897 vide
1456 1869 1481 1903 ς.
1495 1870 1542 1901 18;
1562 1869 1595 1895 de
1610 1874 1749 1902 potestate,
1765 1878 1877 1902 pronun-

1105 1920 1211 1946 ciatione
1234 1923 1260 1945 et
1282 1929 1329 1945 usu
1358 1919 1395 1947 cf.
1420 1919 1500 1944 LXX
1523 1917 1699 1951 interpretes,
1724 1916 1770 1950 qui
1792 1925 1877 1950 paene

1103 1975 1258 1998 constanter
1278 1971 1290 1996 't
1316 1970 1404 1996 littera
1432 1971 1456 1994 Z
1479 1968 1647 2002 exprimunt,
1678 1969 1755 1995 velut
1774 1967 1874 2009 ΠᾎἾὲῗ

1103 2023 1253 2056 Ζαχαρίας,
1274 2014 1378 2060 ὂξξᾛζ
1397 2018 1567 2056 Ζοροβάβελ,
1586 2019 1646 2057 Πῖξ
1664 2017 1743 2048 Γάζα
1756 2023 1783 2045 et
1795 2011 1877 2045 vicisL

1103 2070 1154 2097 sim
1170 2070 1252 2097 inscr-
1270 2071 1371 2097 Athen.
1390 2070 1416 2101 3,
1439 2069 1468 2094 in
1490 2077 1541 2102 qua
1557 2064 1709 2097 Βυζάντιον
1726 2067 1876 2101 phoeniciis

1103 2122 1197 2149 litteris
1213 2121 1340 2155 scriptum
1361 2125 1402 2147 est
1422 2119 1527 2147 '³7³'523
1553 2120 1586 2145 de
1607 2120 1703 2145 nomine
1720 2120 1875 2150 tenendum,

1102 2172 1179 2207 Ζῆτα
1198 2174 1297 2200 dictum
1318 2181 1377 2199 esse
1395 2179 1444 2206 pro
1463 2171 1537 2197 &wi
1559 2171 1645 2197 forma
1656 2169 1785 2196 feminina
1803 2179 1818 2196 a
1847 2171 1874 2203 '1

1100 2232 1150 2259 pro
1169 2225 1216 2260 ΠΣ
1244 2224 1370 2250 Mischna
1399 2224 1551 2250 Schabbath
1577 2222 1650 2255 xil,
1678 2223 1709 2254 5,
1743 2222 1779 2247 cf.
1801 2221 1873 2246 arab.

1102 2261 1162 2310 ¹55)-
1188 2275 1297 2301 Notices
1323 2279 1349 2301 et
1372 2274 1488 2302 Extraits
1515 2275 1600 2307 vm,
1632 2283 1658 2307 p.
1683 2272 1733 2306 46,
1758 2281 1797 2308 gr.
1821 2273 1876 2297 Ζαὶ·

1101 2324 1280 2351 Montiaucon
1298 2325 1333 2350 ad
1352 2322 1469 2355 Hexapl.
1488 2320 1522 2354 11,
1541 2329 1566 2354 p.
1585 2320 1653 2352 395,
1673 2321 1790 2354 aethiop.
1810 2321 1871 2346 Za'i.

1150 2451 1208 2487 ***)
1227 2454 1328 2481 Statum
1351 2447 1550 2488 emphaticam,⁴
1566 2461 1621 2478 non
1637 2451 1747 2478 feminei
1767 2449 1871 2485 generis

1098 2505 1330 2538 terminationem,
1349 2514 1407 2532 esse
1426 2506 1537 2531 suadent
1556 2501 1654 2537 Δέλτα,
1673 2502 1719 2529 ubi
1738 2502 1787 2527 iam
1807 2493 1869 2524 ¹257
1907 2516 1922 2543 N.

1098 2562 1139 2584 est
1166 2557 1299 2584 femineae
1323 2558 1444 2590 formae,
1470 2561 1496 2583 et
1522 2554 1611 2587 Ζῆω,
1637 2563 1652 2580 a
1679 2555 1705 2578 ’τ
1726 2554 1787 2579 fem.
1808 2551 1868 2582 ⁸³3,

1097 2609 1212 2643 emphat.
1234 2610 1318 2634 &rut-

1440 2702 1487 2729 9*
