2242 2976
491 293 628 327 INSCR.
645 294 1032 329 PUN1C0-NUM1DIC.
1063 296 1151 330 LVI.
1167 295 1453 329 THUGGENSIS
1466 296 1703 330 BILINGUIS=
1842 301 1914 338 193

289 387 331 420 ad
352 389 570 431 inscriptionis
592 388 793 421 Rosettensis
807 390 1103 432 interpretationem
1122 392 1272 428 adduxit,
1295 392 1420 423 initium
1435 391 1590 424 faciamus
1604 403 1624 423 a
1638 394 1769 424 nomine
1785 395 1913 436 proprio

288 453 411 484 τινων,
444 446 528 488 quod
550 445 607 477 lin.
627 448 646 478 3
669 447 702 478 in
723 446 871 478 omnibus
893 448 1051 490 exemplis
1074 449 1205 490 Libyeis
1227 446 1320 489 plene
1343 450 1482 490 quinque
1502 447 1616 480 litteris
1629 448 1760 490 Libycis
1774 441 1914 492 pingitur

288 509 320 533 et
352 501 410 533 lin.
439 505 454 533 1
487 509 635 545 quattuor
664 509 749 534 certe
779 502 893 535 litteris
910 502 1069 537 'extremis
1093 507 1124 537 in
1148 503 1298 547 exemplo
1322 503 1522 543 Oxoniensi‚
1558 506 1640 537 unde
1665 506 1769 538 discas
1791 505 1914 538 litteras

286 558 351 590 sihi
373 557 459 590 hunc
481 560 514 594 in
539 559 668 591 modum
690 559 903 601 respondere:

888 715 911 737 ΓΙ
977 713 996 736 ³
1081 713 1106 736 Ἥ
1166 714 1184 736 D
1262 714 1274 729 ³

286 785 380 818 quam
403 775 545 818 quinque
564 773 742 806 litterarum
771 774 858 814 Jod,
881 775 971 814 Phe,
995 773 1233 813 Schin‚·Ain‚
1271 774 1340 806 Tau
1362 782 1551 818 potestatem
1574 778 1669 808 etiam
1693 777 1773 810 alias
1795 779 1912 811 confir-

284 832 366 863 mari
404 831 595 863 videbimus.
654 830 722 864 Jod
757 839 864 863 autem
901 843 920 863 a
949 831 1019 863 solo
1049 831 1198 874 Templio
1229 838 1316 863 recte
1347 834 1466 874 pictum
1502 840 1568 872 est,
1606 844 1701 876 quum
1730 833 1850 878 Borgia
1880 843 1912 867 et

284 886 485 920 oxoniensis
506 887 644 930 figuram
666 889 758 927 dent,
793 899 873 930 quae
887 888 965 920 alibi
980 890 1067 920 Mem
1083 895 1141 920 est.
1187 887 1351 925 Quattuor
1369 899 1468 920 novas
1483 888 1644 931 alphabeti
1661 890 1774 932 Libyci
1788 891 1911 924 litteras

284 943 378 975 nobis
408 945 588 987 suppeditat
621 944 812 976 vocabulum
842 945 956 979 bno-uz
988 945 1044 977 lin.
1063 949 1085 976 4
1108 952 1206 983 extr„
1245 946 1335 976 cuius
1365 944 1491 977 litterae
1516 948 1549 977 in
1571 947 1701 979 Punicis
1725 955 1757 979 et
1779 948 1910 990 Libycis

284 1006 469 1041 repetuntur
492 1000 549 1032 lin.
567 1004 585 1033 5
609 1009 690 1033 extr.
735 1000 773 1032 In
798 995 1030 1043 utroquelooo
1052 1001 1177 1032 litterae
1198 1001 1262 1032 sibi
1283 1002 1328 1031 ita
1351 1003 1545 1044 respondent

904 1081 1291 1125 ΙέςΟ--Ἴ

898 1144 1280 1178 βου-ε»

283 1214 315 1244 in
339 1224 400 1255 quo
420 1213 482 1245 hoc
506 1215 622 1246 mirum
647 1215 748 1246 videri
770 1215 889 1256 possit,
921 1211 1011 1255 Caph
1037 1210 1162 1243 duobus
1185 1212 1320 1244 diversis
1344 1214 1446 1245 modis
1470 1216 1577 1258 pingi,
1611 1228 1790 1259 quanquam
1813 1219 1908 1251 huius

282 1268 407 1300 litterae
429 1270 509 1301 adeo
533 1270 639 1312 plures
662 1270 781 1313 figuras
804 1271 1018 1313 reperiemus,
1050 1268 1188 1299 fortasse
1211 1270 1256 1300 ita
1278 1269 1538 1312 distinguendas,
1570 1280 1603 1304 ut
1620 1273 1702 1304 aliae
1719 1281 1831 1307 tenues
1846 1278 1910 1308 sint

283 1326 345 1367 (=
367 1334 387 1358 :³
402 1341 446 1354 =
462 1326 520 1368 κ),
552 1326 635 1357 aliae
657 1328 814 1369 aspiratae
838 1327 905 1366 (=
927 1335 948 1358 2
966 1325 1074 1366 εχ).
1119 1324 1266 1357 Tertium
1289 1327 1446 1368 quoddam
1469 1339 1585 1360 nomen
1610 1331 1792 1372 proprium,
1824 1333 1908 1374 quod

283 1383 413 1413 nonnisi
435 1393 531 1414 uuam
553 1394 668 1414 novam
691 1382 829 1414 litteram
853 1383 1008 1422 (Gimel)
1033 1382 1134 1420 sistit,
1172 1388 1236 1413 tres
1267 1392 1342 1414 vero
1365 1384 1428 1415 iam
1452 1383 1581 1416 aliunde
1605 1387 1748 1428 cognitas
1773 1386 1907 1427 (Schz'n,

282 1437 426 1478 Lamed,
450 1439 541 1480 Jod)
564 1434 694 1482 egregie
717 1439 903 1478 confirmat,
935 1446 983 1470 est
1005 1438 1062 1470 lin.
1084 1442 1105 1470 4
1124 1439 1195 1469 init.

974 1510 1235 1543 ³251„

959 1568 1239 1617 ἶῗί]

281 1651 406 1684 Decem
434 1651 550 1684 litteris
577 1653 621 1683 ita
652 1653 819 1683 nominum
849 1651 1049 1693 propriorum
1079 1660 1139 1691 ope
1168 1650 1328 1694 indagatis
1358 1652 1559 1695 singulorum
1588 1665 1737 1687 versuum
1761 1656 1906 1688 ordinem

280 1710 383 1739 secuti
405 1709 586 1747 videamus,
616 1709 691 1751 quid
714 1709 886 1740 adiuvante
910 1714 999 1739 textu
1023 1707 1142 1738 Punico
1164 1715 1329 1749 praeterea
1350 1709 1558 1751 probabiliter
1580 1712 1730 1743 extricari
1753 1715 1863 1754 possit.

408 1781 457 1812 Ac
481 1782 538 1812 lin.
556 1786 570 1813 1
590 1789 673 1823 vpost
693 1781 791 1812 finem
815 1780 906 1811 verbi
928 1790 1034 1814 mnne*
1057 1788 1232 1822 sequuntur
1255 1782 1317 1813 duo
1341 1783 1434 1824 signa
1454 1789 1506 1818 =
1528 1801 1537 1806 -
1551 1805 1561 1821 ,
1598 1795 1679 1826 quae
1712 1786 1907 1826 respondent

283 1836 439 1868 vocabulo
467 1846 503 1881 3:
524 1837 625 1876 filim
663 1846 728 1869 tum
758 1837 791 1868 h.
816 1836 838 1870 l.
868 1844 934 1868 tum
966 1844 1113 1879 quattuor
1141 1836 1213 1869 aliis
1239 1833 1325 1870 locis
1348 1837 1404 1869 lin.
1428 1842 1447 1869 2
1469 1838 1526 1870 litt.
1548 1842 1578 1871 6.
1603 1842 1622 1871 7
1656 1840 1693 1882 (a
1715 1839 1801 1882 fine)
1832 1849 1906 1873 ante

285 1902 439 1936 '‘TN-‘⁴5³9’
469 1894 527 1926 lin.
545 1897 563 1926 3
585 1894 635 1925 bis
658 1901 728 1936 post
751 1903 858 1926 namn-¹
882 1900 914 1925 et
935 1901 1009 1925 ante
1032 1892 1134 1932 illud,
1158 1893 1214 1926 lin.
1235 1898 1257 1925 4
1277 1896 1359 1926 inter
1379 1896 1453 1928 *abui
1484 1901 1516 1926 et
1537 1897 1661 1930 bne-52.
1707 1896 1837 1929 Certum
1858 1905 1907 1930 est

279 1952 388 1994 igitur,
414 1950 464 1982 his
478 1952 580 1993 signis
589 1950 668 1989 filii
681 1952 846 1982 notionem
860 1961 931 1981 esse
946 1949 1134 1989 subiectam,
1158 1951 1214 1981 sed
1229 1958 1335 1982 utrum
1352 1953 1383 1982 in
1399 1951 1511 1994 lingua
1524 1952 1647 1993 Libyca
1662 1953 1827 1986 efferenda
1842 1956 1907 1987 sint

281 2017 317 2050 1:
328 2032 337 2046 ,
357 2019 397 2039 an
412 2006 476 2038 alio
491 2008 597 2046 modo,
623 2018 686 2039 non
704 2006 834 2038 definio.
879 2006 1018 2038 Videtur
1037 2007 1162 2048 quidem
1176 2013 1229 2042 =
1243 2024 1253 2036 ι
1269 2008 1364 2039 etiam
1379 2007 1433 2039 lin.
1449 2011 1468 2040 7
1482 2010 1566 2040 med.
1584 2011 1776 2051 respondere
1790 2010 1906 2044 litteris

281 2074 315 2098 :a
337 2066 370 2096 in
395 2072 472 2102 mn,
504 2065 559 2095 sed
582 2075 678 2106 quum
699 2071 751 2098 =
772 2063 850 2095 alibi
875 2063 966 2105 Caph
988 2065 1030 2095 sit
1052 2070 1083 2094 et
1106 2071 1256 2105 punctum
1280 2063 1334 2095 lin.
1356 2069 1377 2096 4
1399 2064 1458 2096 litt.
1484 2068 1502 2097 5
1535 2066 1571 2107 (a
1594 2065 1680 2107 fine)
1713 2078 1770 2108 pro
1794 2078 1805 2102 τ
1830 2070 1905 2110 poni

278 2122 442 2160 videatur,
472 2121 547 2152 huic
568 2122 616 2151 rei
640 2131 702 2151 non
726 2119 859 2151 multum
882 2119 1060 2151 tribuerim.
1106 2118 1256 2151 Ceterum
1278 2119 1334 2152 lin.
1355 2124 1371 2151 1
1395 2128 1479 2153 extr.
1502 2123 1534 2153 in
1559 2123 1768 2165 inscriptione
1782 2123 1904 2165 Libyca

277 2179 395 2211 desunt
417 2178 480 2210 duo
502 2178 603 2208 triave
626 2177 734 2218 signa,
764 2187 844 2218 quae
865 2177 1081 2219 respondeant
1105 2179 1227 2218 punicis
1251 2183 1294 2220 *με
1320 2187 1402 2215 rex,
1434 2184 1466 2208 et
1486 2180 1690 2220 reperiuntur
1707 2179 1763 2211 lin.
1781 2183 1800 2211 3
1819 2188 1901 2211 extr.

406 2250 480 2282 Lin.
504 2253 523 2281 2
553 2250 674 2281 nomini
703 2258 861 2293 nnpnnzy
897 2250 930 2280 in
959 2249 1092 2290 Libycis
1122 2251 1317 2292 respondent
1346 2252 1484 2293 quinque
1522 2253 1634 2294 signa,
1673 2264 1808 2295 quorum
1841 2255 1902 2285 tria

280 2314 426 2339 extrema
448 2305 521 2348 lego
539 2316 624 2349 πρυ.
672 2305 754 2338 Nam
772 2305 880 2338 Resch
898 2312 930 2336 et
942 2305 1031 2337 Mem
1048 2317 1089 2337 ex
1107 2307 1146 2338 iis
1162 2318 1242 2349 quae
1258 2318 1358 2349 supra
1374 2307 1442 2338 dixi
1458 2314 1533 2339 nota
1546 2316 1637 2347 sunt,
1663 2311 1747 2340 unde
1763 2310 1901 2340 medium

281 2363 382 2406 Koph
410 2374 481 2395 esse
512 2363 607 2394 facile
640 2362 783 2406 colligas.
838 2371 907 2405 5¹27:
942 2362 1105 2402 (Mol-ar,
1134 2353 1283 2403 Miloni)
1314 2370 1420 2394 autem
1451 2374 1514 2395 non
1546 2366 1651 2396 minus
1680 2367 1827 2396 usitatum
1852 2372 1901 2396 est

282 2430 374 2461 quam
405 2428 516 2462 Πήρη,
555 2420 684 2462 ιηηρέἳε.
741 2418 833 2457 Quae
860 2430 937 2450 vero
966 2420 1161 2460 praecedunt
1189 2420 1252 2451 duo
1280 2420 1373 2462 signa
1400 2420 1524 2462 Libyca
1558 2428 1607 2456 Π
1650 2430 1711 2456 =
1747 2429 1778 2452 et
1800 2421 1900 2452 tribus

280 2475 409 2521 Punicis
427 2485 488 2510 *122
509 2477 719 2518 respondent,
751 2476 887 2507 fortasse
909 2485 1034 2507 servum
1056 2474 1256 2518 significant,
1286 2477 1343 2508 sed
1366 2485 1427 2510 πυ
1450 2478 1651 2519 pronuntiari
1669 2488 1731 2508 non
1756 2483 1898 2518 possunt,

282 2541 356 2562 nain
374 2539 444 2570 =,
482 2539 517 2564 ut
539 2533 695 2570 vidimus,
731 2539 780 2563 est
805 2531 914 2574 Caph,
946 2538 977 2562 et
1011 2539 1098 2572 ΓἾ,
1132 2533 1215 2574 quod
1244 2540 1412 2575 praeterea
1440 2533 1541 2564 habes
1570 2533 1626 2565 lin.
1650 2536 1687 2571 6,
1723 2534 1898 2574 ignoratur.

281 2586 446 2619 Videntur
469 2590 567 2631 igitur
595 2589 716 2630 Libyes
747 2600 779 2620 n.
802 2600 848 2631 pr.
872 2597 1031 2632 naiman&
1059 2590 1191 2631 (servus
1220 2588 1385 2621 Mocartae
1407 2600 1434 2621 s.
1457 2588 1627 2630 Herculis)
1666 2590 1710 2619 ita
1732 2588 1897 2627 extulisse,

283 2650 318 2674 ut
340 2654 396 2685 pro
418 2643 538 2676 Punico
559 2654 620 2679 π»
642 2645 801 2687 Libycum
824 2644 1015 2677 vocabulum
1038 2652 1195 2688 ponerent
1216 2656 1342 2677 servum
1363 2645 1560 2688 significans.
1583 2663 1625 2669 —
1667 2643 1751 2674 Ante
1766 2652 1800 2689 3:
1815 2646 1898 2687 apud

1481 2706 1520 2734 25
