<?xml version="1.0" encoding="UTF-8"?>
<!DOCTYPE html PUBLIC "-//W3C//DTD XHTML 1.0 Transitional//EN"
    "http://www.w3.org/TR/xhtml1/DTD/xhtml1-transitional.dtd">
<html xmlns="http://www.w3.org/1999/xhtml" xml:lang="en" lang="en">
 <head>
  <title>
</title>
<meta http-equiv="Content-Type" content="text/html;charset=utf-8" />
  <meta name='ocr-system' content='tesseract 3.04.00' />
  <meta name='ocr-capabilities' content='ocr_page ocr_carea ocr_par ocr_line ocrx_word'/>
</head>
<body>
  <div class='ocr_page' id='page_1' title='image "./scripturaelingua00geseuoft_0503.png"; bbox 0 0 2242 2976; ppageno 0'>
   <div class='ocr_carea' id='block_1_1' title="bbox 768 231 1833 275">
    <p class='ocr_par' dir='ltr' id='par_1_1' title="bbox 768 231 1833 275">
     <span class='ocr_line' id='line_1_1' title="bbox 768 231 1833 275; baseline 0.01 -11"><span class='ocrx_word' id='word_1_1' title='bbox 768 231 988 266; x_wconf 85' lang='lat' dir='ltr'>ADDENDA</span> <span class='ocrx_word' id='word_1_2' title='bbox 1008 231 1278 267; x_wconf 85' lang='lat' dir='ltr'>CONTINENS.</span> <span class='ocrx_word' id='word_1_3' title='bbox 1754 237 1833 275; x_wconf 77' lang='lat'>467</span> 
     </span>
    </p>
   </div>
   <div class='ocr_carea' id='block_1_2' title="bbox 160 325 1831 1158">
    <p class='ocr_par' dir='ltr' id='par_1_2' title="bbox 160 325 1831 1158">
     <span class='ocr_line' id='line_1_2' title="bbox 338 325 1828 371; baseline 0.004 -14"><span class='ocrx_word' id='word_1_4' title='bbox 338 326 444 369; x_wconf 81' lang='lat' dir='ltr'>Atque</span> <span class='ocrx_word' id='word_1_5' title='bbox 474 325 505 368; x_wconf 89' lang='lat'>1)</span> <span class='ocrx_word' id='word_1_6' title='bbox 528 327 576 358; x_wconf 85' lang='lat' dir='ltr'>vir</span> <span class='ocrx_word' id='word_1_7' title='bbox 606 326 749 358; x_wconf 86' lang='lat' dir='ltr'>eruditus</span> <span class='ocrx_word' id='word_1_8' title='bbox 777 337 814 359; x_wconf 86' lang='lat' dir='ltr'>se</span> <span class='ocrx_word' id='word_1_9' title='bbox 842 327 1024 371; x_wconf 82' lang='lat' dir='ltr'>intelligere</span> <span class='ocrx_word' id='word_1_10' title='bbox 1053 334 1168 371; x_wconf 81' lang='lat' dir='ltr'>negat,</span> <span class='ocrx_word' id='word_1_11' title='bbox 1208 338 1264 360; x_wconf 90' lang='lat' dir='ltr'>cnr</span> <span class='ocrx_word' id='word_1_12' title='bbox 1292 327 1417 360; x_wconf 76' lang='lat' dir='ltr'>litterae</span> <span class='ocrx_word' id='word_1_13' title='bbox 1442 331 1471 360; x_wconf 91' lang='lat'>2.</span> <span class='ocrx_word' id='word_1_14' title='bbox 1493 331 1513 361; x_wconf 86' lang='grc'>7</span> <span class='ocrx_word' id='word_1_15' title='bbox 1545 339 1567 362; x_wconf 77' lang='lat' dir='ltr'>n</span> <span class='ocrx_word' id='word_1_16' title='bbox 1596 327 1724 361; x_wconf 85' lang='lat' dir='ltr'>habitae</span> <span class='ocrx_word' id='word_1_17' title='bbox 1752 332 1828 370; x_wconf 87' lang='lat' dir='ltr'>sint,</span> 
     </span>
     <span class='ocr_line' id='line_1_3' title="bbox 214 381 1831 428; baseline 0.002 -14"><span class='ocrx_word' id='word_1_18' title='bbox 214 389 247 415; x_wconf 81' lang='lat' dir='ltr'>et</span> <span class='ocrx_word' id='word_1_19' title='bbox 269 393 396 425; x_wconf 91' lang='lat' dir='ltr'>„quum</span> <span class='ocrx_word' id='word_1_20' title='bbox 419 383 516 414; x_wconf 85' lang='lat' dir='ltr'>etiam</span> <span class='ocrx_word' id='word_1_21' title='bbox 538 381 620 415; x_wconf 83' lang='lat' dir='ltr'>aliae</span> <span class='ocrx_word' id='word_1_22' title='bbox 642 381 738 415; x_wconf 90' lang='lat' dir='ltr'>huius</span> <span class='ocrx_word' id='word_1_23' title='bbox 759 383 842 416; x_wconf 87' lang='lat' dir='ltr'>tituli</span> <span class='ocrx_word' id='word_1_24' title='bbox 863 383 988 416; x_wconf 82' lang='lat' dir='ltr'>litterae</span> <span class='ocrx_word' id='word_1_25' title='bbox 1006 385 1182 427; x_wconf 75' lang='lat' dir='ltr'>scripturae</span> <span class='ocrx_word' id='word_1_26' title='bbox 1204 384 1387 417; x_wconf 78' lang='lat' dir='ltr'>chaldaicae</span> <span class='ocrx_word' id='word_1_27' title='bbox 1414 384 1537 417; x_wconf 88' lang='lat' dir='ltr'>similes</span> <span class='ocrx_word' id='word_1_28' title='bbox 1558 386 1624 417; x_wconf 87' lang='lat' dir='ltr'>sint</span> <span class='ocrx_word' id='word_1_29' title='bbox 1645 384 1748 428; x_wconf 62' lang='lat' dir='ltr'>(l!)“</span> <span class='ocrx_word' id='word_1_30' title='bbox 1776 397 1831 419; x_wconf 79' lang='lat' dir='ltr'>eas</span> 
     </span>
     <span class='ocr_line' id='line_1_4' title="bbox 212 438 1830 484; baseline 0.003 -14"><span class='ocrx_word' id='word_1_31' title='bbox 212 440 289 471; x_wconf 76' lang='lat' dir='ltr'>Nun</span> <span class='ocrx_word' id='word_1_32' title='bbox 311 440 432 481; x_wconf 84' lang='lat' dir='ltr'>(igitur</span> <span class='ocrx_word' id='word_1_33' title='bbox 446 438 522 471; x_wconf 90' lang='lat' dir='ltr'>Nun</span> <span class='ocrx_word' id='word_1_34' title='bbox 540 438 670 481; x_wconf 90' lang='lat' dir='ltr'>finalia)</span> <span class='ocrx_word' id='word_1_35' title='bbox 691 450 763 472; x_wconf 86' lang='lat' dir='ltr'>esse</span> <span class='ocrx_word' id='word_1_36' title='bbox 785 442 924 473; x_wconf 85' lang='lat' dir='ltr'>coniicit.</span> <span class='ocrx_word' id='word_1_37' title='bbox 967 439 1089 473; x_wconf 85' lang='lat' dir='ltr'>Caussa</span> <span class='ocrx_word' id='word_1_38' title='bbox 1111 451 1207 480; x_wconf 89' lang='lat' dir='ltr'>vero,</span> <span class='ocrx_word' id='word_1_39' title='bbox 1231 452 1325 484; x_wconf 87' lang='lat' dir='ltr'>quam</span> <span class='ocrx_word' id='word_1_40' title='bbox 1348 443 1397 474; x_wconf 87' lang='lat' dir='ltr'>vir</span> <span class='ocrx_word' id='word_1_41' title='bbox 1419 442 1531 474; x_wconf 91' lang='lat' dir='ltr'>doctus</span> <span class='ocrx_word' id='word_1_42' title='bbox 1553 442 1730 481; x_wconf 76' lang='lat' dir='ltr'>desiderat,</span> <span class='ocrx_word' id='word_1_43' title='bbox 1752 444 1830 475; x_wconf 86' lang='lat' dir='ltr'>satis</span> 
     </span>
     <span class='ocr_line' id='line_1_5' title="bbox 212 494 1831 541; baseline 0.002 -15"><span class='ocrx_word' id='word_1_44' title='bbox 212 496 330 528; x_wconf 86' lang='lat' dir='ltr'>idonea</span> <span class='ocrx_word' id='word_1_45' title='bbox 344 497 377 527; x_wconf 88' lang='lat' dir='ltr'>in</span> <span class='ocrx_word' id='word_1_46' title='bbox 391 494 499 528; x_wconf 90' lang='lat' dir='ltr'>multis</span> <span class='ocrx_word' id='word_1_47' title='bbox 518 495 591 528; x_wconf 89' lang='lat' dir='ltr'>aliis</span> <span class='ocrx_word' id='word_1_48' title='bbox 614 495 708 528; x_wconf 85' lang='lat' dir='ltr'>huius</span> <span class='ocrx_word' id='word_1_49' title='bbox 729 495 855 528; x_wconf 85' lang='lat' dir='ltr'>litterae</span> <span class='ocrx_word' id='word_1_50' title='bbox 871 497 905 528; x_wconf 88' lang='lat' dir='ltr'>in</span> <span class='ocrx_word' id='word_1_51' title='bbox 923 498 1078 540; x_wconf 88' lang='lat' dir='ltr'>scriptura</span> <span class='ocrx_word' id='word_1_52' title='bbox 1092 495 1282 537; x_wconf 90' lang='lat' dir='ltr'>Numidica,</span> <span class='ocrx_word' id='word_1_53' title='bbox 1305 498 1447 541; x_wconf 83' lang='lat' dir='ltr'>adeoque</span> <span class='ocrx_word' id='word_1_54' title='bbox 1462 499 1496 530; x_wconf 91' lang='lat' dir='ltr'>in</span> <span class='ocrx_word' id='word_1_55' title='bbox 1509 497 1610 530; x_wconf 86' lang='lat' dir='ltr'>altera</span> <span class='ocrx_word' id='word_1_56' title='bbox 1624 499 1831 541; x_wconf 78' lang='lat' dir='ltr'>inscriptione</span> 
     </span>
     <span class='ocr_line' id='line_1_6' title="bbox 212 550 1830 597; baseline 0.003 -14"><span class='ocrx_word' id='word_1_57' title='bbox 212 550 436 595; x_wconf 77' lang='lat' dir='ltr'>Tripolitana,</span> <span class='ocrx_word' id='word_1_58' title='bbox 459 551 615 594; x_wconf 88' lang='lat' dir='ltr'>exemplis</span> <span class='ocrx_word' id='word_1_59' title='bbox 636 553 741 595; x_wconf 86' lang='lat' dir='ltr'>posita</span> <span class='ocrx_word' id='word_1_60' title='bbox 759 555 825 593; x_wconf 80' lang='lat' dir='ltr'>est,</span> <span class='ocrx_word' id='word_1_61' title='bbox 847 553 921 585; x_wconf 90' lang='lat' dir='ltr'>vide</span> <span class='ocrx_word' id='word_1_62' title='bbox 942 564 1023 596; x_wconf 86' lang='lat' dir='ltr'>quae</span> <span class='ocrx_word' id='word_1_63' title='bbox 1044 552 1243 586; x_wconf 71' lang='lat' dir='ltr'>laudavimus</span> <span class='ocrx_word' id='word_1_64' title='bbox 1266 565 1296 597; x_wconf 92' lang='lat' dir='ltr'>p.</span> <span class='ocrx_word' id='word_1_65' title='bbox 1311 557 1352 587; x_wconf 83' lang='lat'>48</span> <span class='ocrx_word' id='word_1_66' title='bbox 1369 555 1410 587; x_wconf 87' lang='lat' dir='ltr'>ad</span> <span class='ocrx_word' id='word_1_67' title='bbox 1423 553 1478 597; x_wconf 85' lang='lat' dir='ltr'>fig.</span> <span class='ocrx_word' id='word_1_68' title='bbox 1499 557 1548 587; x_wconf 88' lang='grc'>18.</span> <span class='ocrx_word' id='word_1_69' title='bbox 1565 557 1614 587; x_wconf 85' lang='grc'>19.</span> <span class='ocrx_word' id='word_1_70' title='bbox 1629 558 1681 594; x_wconf 87' lang='grc'>21,</span> <span class='ocrx_word' id='word_1_71' title='bbox 1705 561 1737 586; x_wconf 92' lang='lat' dir='ltr'>et</span> <span class='ocrx_word' id='word_1_72' title='bbox 1752 556 1830 588; x_wconf 80' lang='lat' dir='ltr'>satis</span> 
     </span>
     <span class='ocr_line' id='line_1_7' title="bbox 211 609 1830 652; baseline 0.002 -12"><span class='ocrx_word' id='word_1_73' title='bbox 211 609 324 640; x_wconf 82' lang='lat' dir='ltr'>mirari</span> <span class='ocrx_word' id='word_1_74' title='bbox 339 619 404 640; x_wconf 92' lang='lat' dir='ltr'>nou</span> <span class='ocrx_word' id='word_1_75' title='bbox 418 618 604 651; x_wconf 88' lang='lat' dir='ltr'>possumus,</span> <span class='ocrx_word' id='word_1_76' title='bbox 627 619 700 641; x_wconf 90' lang='lat' dir='ltr'>eum</span> <span class='ocrx_word' id='word_1_77' title='bbox 720 609 824 641; x_wconf 85' lang='lat' dir='ltr'>bonae</span> <span class='ocrx_word' id='word_1_78' title='bbox 838 609 1070 642; x_wconf 78' lang='lat' dir='ltr'>observationis</span> <span class='ocrx_word' id='word_1_79' title='bbox 1091 620 1121 652; x_wconf 89' lang='lat' dir='ltr'>p.</span> <span class='ocrx_word' id='word_1_80' title='bbox 1139 612 1196 642; x_wconf 86' lang='lat'>151</span> <span class='ocrx_word' id='word_1_81' title='bbox 1220 609 1323 642; x_wconf 85' lang='lat' dir='ltr'>factae</span> <span class='ocrx_word' id='word_1_82' title='bbox 1345 612 1390 642; x_wconf 92' lang='lat' dir='ltr'>ita</span> <span class='ocrx_word' id='word_1_83' title='bbox 1411 611 1631 642; x_wconf 86' lang='lat' dir='ltr'>immemorem</span> <span class='ocrx_word' id='word_1_84' title='bbox 1655 610 1772 652; x_wconf 85' lang='lat' dir='ltr'>fuisse,</span> <span class='ocrx_word' id='word_1_85' title='bbox 1796 619 1830 643; x_wconf 90' lang='lat' dir='ltr'>ut</span> 
     </span>
     <span class='ocr_line' id='line_1_8' title="bbox 210 664 1828 710; baseline 0.002 -14"><span class='ocrx_word' id='word_1_86' title='bbox 210 666 245 696; x_wconf 87' lang='lat' dir='ltr'>in</span> <span class='ocrx_word' id='word_1_87' title='bbox 263 666 472 707; x_wconf 81' lang='lat' dir='ltr'>inscriptione</span> <span class='ocrx_word' id='word_1_88' title='bbox 490 664 690 708; x_wconf 82' lang='lat' dir='ltr'>Tripolitana</span> <span class='ocrx_word' id='word_1_89' title='bbox 706 664 843 709; x_wconf 84' lang='lat' dir='ltr'>legenda</span> <span class='ocrx_word' id='word_1_90' title='bbox 863 667 1049 708; x_wconf 83' lang='lat' dir='ltr'>scripturam</span> <span class='ocrx_word' id='word_1_91' title='bbox 1065 664 1250 698; x_wconf 84' lang='lat' dir='ltr'>chaldaeam</span> <span class='ocrx_word' id='word_1_92' title='bbox 1271 677 1368 710; x_wconf 90' lang='lat' dir='ltr'>quum</span> <span class='ocrx_word' id='word_1_93' title='bbox 1382 666 1576 699; x_wconf 87' lang='lat' dir='ltr'>Phoeniciae</span> <span class='ocrx_word' id='word_1_94' title='bbox 1594 667 1626 698; x_wconf 91' lang='lat' dir='ltr'>in</span> <span class='ocrx_word' id='word_1_95' title='bbox 1645 668 1828 700; x_wconf 86' lang='lat' dir='ltr'>universum</span> 
     </span>
     <span class='ocr_line' id='line_1_9' title="bbox 211 720 1829 765; baseline 0.002 -13"><span class='ocrx_word' id='word_1_96' title='bbox 211 727 278 753; x_wconf 84' lang='lat' dir='ltr'>turn</span> <span class='ocrx_word' id='word_1_97' title='bbox 301 722 442 753; x_wconf 84' lang='lat' dir='ltr'>maxime</span> <span class='ocrx_word' id='word_1_98' title='bbox 456 720 646 754; x_wconf 83' lang='lat' dir='ltr'>Numidicae</span> <span class='ocrx_word' id='word_1_99' title='bbox 664 721 760 765; x_wconf 86' lang='lat' dir='ltr'>longe</span> <span class='ocrx_word' id='word_1_100' title='bbox 775 721 1020 754; x_wconf 76' lang='lat' dir='ltr'>dissimillimam</span> <span class='ocrx_word' id='word_1_101' title='bbox 1035 723 1069 753; x_wconf 89' lang='lat' dir='ltr'>in</span> <span class='ocrx_word' id='word_1_102' title='bbox 1085 721 1263 754; x_wconf 79' lang='lat' dir='ltr'>subsidium</span> <span class='ocrx_word' id='word_1_103' title='bbox 1277 729 1414 755; x_wconf 90' lang='lat' dir='ltr'>vocaret.</span> <span class='ocrx_word' id='word_1_104' title='bbox 1457 724 1490 765; x_wconf 88' lang='lat'>2)</span> <span class='ocrx_word' id='word_1_105' title='bbox 1513 722 1601 755; x_wconf 88' lang='lat' dir='ltr'>Idem</span> <span class='ocrx_word' id='word_1_106' title='bbox 1617 733 1681 754; x_wconf 91' lang='lat' dir='ltr'>non</span> <span class='ocrx_word' id='word_1_107' title='bbox 1696 723 1829 763; x_wconf 83' lang='lat' dir='ltr'>dubitat,</span> 
     </span>
     <span class='ocr_line' id='line_1_10' title="bbox 160 775 1829 822; baseline 0.002 -14"><span class='ocrx_word' id='word_1_108' title='bbox 160 810 163 812; x_wconf 75' lang='grc'><strong>,</strong></span> <span class='ocrx_word' id='word_1_109' title='bbox 211 778 289 819; x_wconf 84' lang='lat' dir='ltr'>quin</span> <span class='ocrx_word' id='word_1_110' title='bbox 321 775 380 809; x_wconf 84' lang='lat' dir='ltr'>litt.</span> <span class='ocrx_word' id='word_1_111' title='bbox 405 779 425 809; x_wconf 88' lang='grc'><strong>6</strong></span> <span class='ocrx_word' id='word_1_112' title='bbox 454 778 496 809; x_wconf 88' lang='lat' dir='ltr'>sit</span> <span class='ocrx_word' id='word_1_113' title='bbox 516 787 555 816; x_wconf 79' lang='lat' dir='ltr'>n,</span> <span class='ocrx_word' id='word_1_114' title='bbox 591 785 804 822; x_wconf 88' lang='lat' dir='ltr'>provocatque</span> <span class='ocrx_word' id='word_1_115' title='bbox 831 779 872 810; x_wconf 85' lang='lat' dir='ltr'>ad</span> <span class='ocrx_word' id='word_1_116' title='bbox 900 779 997 811; x_wconf 86' lang='lat' dir='ltr'>inscr.</span> <span class='ocrx_word' id='word_1_117' title='bbox 1027 778 1119 810; x_wconf 83' lang='lat' dir='ltr'>Sard.</span> <span class='ocrx_word' id='word_1_118' title='bbox 1147 777 1202 810; x_wconf 91' lang='lat' dir='ltr'>lin.</span> <span class='ocrx_word' id='word_1_119' title='bbox 1224 780 1244 810; x_wconf 90' lang='lat'>5</span> <span class='ocrx_word' id='word_1_120' title='bbox 1273 777 1334 812; x_wconf 85' lang='lat' dir='ltr'>litt.</span> <span class='ocrx_word' id='word_1_121' title='bbox 1355 783 1392 819; x_wconf 87' lang='lat'>2,</span> <span class='ocrx_word' id='word_1_122' title='bbox 1430 790 1525 822; x_wconf 89' lang='lat' dir='ltr'>qnam</span> <span class='ocrx_word' id='word_1_123' title='bbox 1554 780 1639 811; x_wconf 88' lang='lat' dir='ltr'>idem</span> <span class='ocrx_word' id='word_1_124' title='bbox 1664 779 1736 812; x_wconf 74' lang='lat' dir='ltr'>Phe</span> <span class='ocrx_word' id='word_1_125' title='bbox 1758 790 1829 812; x_wconf 85' lang='lat' dir='ltr'>esse</span> 
     </span>
     <span class='ocr_line' id='line_1_11' title="bbox 211 833 1831 877; baseline 0.002 -13"><span class='ocrx_word' id='word_1_126' title='bbox 211 839 374 865; x_wconf 79' lang='lat' dir='ltr'>statuerat.</span> <span class='ocrx_word' id='word_1_127' title='bbox 427 833 492 866; x_wconf 89' lang='lat' dir='ltr'>Sed</span> <span class='ocrx_word' id='word_1_128' title='bbox 520 835 692 876; x_wconf 85' lang='lat' dir='ltr'>inspiciant</span> <span class='ocrx_word' id='word_1_129' title='bbox 720 834 816 867; x_wconf 89' lang='lat' dir='ltr'>velim</span> <span class='ocrx_word' id='word_1_130' title='bbox 844 834 981 867; x_wconf 88' lang='lat' dir='ltr'>lectores</span> <span class='ocrx_word' id='word_1_131' title='bbox 1014 834 1098 866; x_wconf 85' lang='lat' dir='ltr'>hanc</span> <span class='ocrx_word' id='word_1_132' title='bbox 1125 833 1281 877; x_wconf 81' lang='lat' dir='ltr'>figuram,</span> <span class='ocrx_word' id='word_1_133' title='bbox 1324 842 1356 867; x_wconf 87' lang='lat' dir='ltr'>et</span> <span class='ocrx_word' id='word_1_134' title='bbox 1383 836 1417 867; x_wconf 90' lang='lat' dir='ltr'>in</span> <span class='ocrx_word' id='word_1_135' title='bbox 1447 834 1558 868; x_wconf 85' lang='lat' dir='ltr'>oculos</span> <span class='ocrx_word' id='word_1_136' title='bbox 1588 837 1748 875; x_wconf 89' lang='lat' dir='ltr'>incurret,</span> <span class='ocrx_word' id='word_1_137' title='bbox 1784 835 1831 869; x_wconf 93' lang='lat' dir='ltr'>nil</span> 
     </span>
     <span class='ocr_line' id='line_1_12' title="bbox 209 888 1829 935; baseline 0.002 -13"><span class='ocrx_word' id='word_1_138' title='bbox 209 888 431 923; x_wconf 72' lang='lat' dir='ltr'>similitudinis</span> <span class='ocrx_word' id='word_1_139' title='bbox 453 901 524 922; x_wconf 89' lang='lat' dir='ltr'>esse</span> <span class='ocrx_word' id='word_1_140' title='bbox 540 891 625 922; x_wconf 87' lang='lat' dir='ltr'>inter</span> <span class='ocrx_word' id='word_1_141' title='bbox 640 891 719 923; x_wconf 88' lang='lat' dir='ltr'>duas</span> <span class='ocrx_word' id='word_1_142' title='bbox 734 890 792 923; x_wconf 91' lang='lat' dir='ltr'>has</span> <span class='ocrx_word' id='word_1_143' title='bbox 807 891 946 930; x_wconf 77' lang='lat' dir='ltr'>litteras,</span> <span class='ocrx_word' id='word_1_144' title='bbox 969 901 1101 934; x_wconf 88' lang='lat' dir='ltr'>quarum</span> <span class='ocrx_word' id='word_1_145' title='bbox 1116 890 1205 923; x_wconf 88' lang='lat' dir='ltr'>illam</span> <span class='ocrx_word' id='word_1_146' title='bbox 1220 890 1288 923; x_wconf 85' lang='lat' dir='ltr'>Jod</span> <span class='ocrx_word' id='word_1_147' title='bbox 1299 902 1370 925; x_wconf 88' lang='lat' dir='ltr'>esse</span> <span class='ocrx_word' id='word_1_148' title='bbox 1384 903 1481 935; x_wconf 86' lang='lat' dir='ltr'>supra</span> <span class='ocrx_word' id='word_1_149' title='bbox 1503 892 1552 934; x_wconf 88' lang='lat' dir='ltr'>(p.</span> <span class='ocrx_word' id='word_1_150' title='bbox 1571 894 1657 932; x_wconf 82' lang='lat'>156)</span> <span class='ocrx_word' id='word_1_151' title='bbox 1680 893 1829 932; x_wconf 88' lang='lat' dir='ltr'>vidimus,</span> 
     </span>
     <span class='ocr_line' id='line_1_13' title="bbox 211 945 1830 996; baseline 0.002 -19"><span class='ocrx_word' id='word_1_152' title='bbox 211 954 308 986; x_wconf 85' lang='lat' dir='ltr'>quum</span> <span class='ocrx_word' id='word_1_153' title='bbox 324 945 403 978; x_wconf 88' lang='lat' dir='ltr'>haec</span> <span class='ocrx_word' id='word_1_154' title='bbox 419 953 530 978; x_wconf 89' lang='lat' dir='ltr'>nostra</span> <span class='ocrx_word' id='word_1_155' title='bbox 548 946 640 988; x_wconf 78' lang='lat' dir='ltr'>Caph</span> <span class='ocrx_word' id='word_1_156' title='bbox 658 948 711 985; x_wconf 89' lang='lat' dir='ltr'>sit,</span> <span class='ocrx_word' id='word_1_157' title='bbox 733 954 768 979; x_wconf 87' lang='lat' dir='ltr'>nt</span> <span class='ocrx_word' id='word_1_158' title='bbox 781 949 814 978; x_wconf 91' lang='lat' dir='ltr'>in</span> <span class='ocrx_word' id='word_1_159' title='bbox 834 947 934 979; x_wconf 89' lang='lat' dir='ltr'>altera</span> <span class='ocrx_word' id='word_1_160' title='bbox 945 946 1160 990; x_wconf 89' lang='lat' dir='ltr'>Tripolitana,</span> <span class='ocrx_word' id='word_1_161' title='bbox 1181 954 1308 980; x_wconf 89' lang='lat' dir='ltr'>nostrae</span> <span class='ocrx_word' id='word_1_162' title='bbox 1324 949 1464 991; x_wconf 89' lang='lat' dir='ltr'>gemina,</span> <span class='ocrx_word' id='word_1_163' title='bbox 1483 947 1538 980; x_wconf 87' lang='lat' dir='ltr'>ubi</span> <span class='ocrx_word' id='word_1_164' title='bbox 1554 948 1666 980; x_wconf 87' lang='lat' dir='ltr'>eadem</span> <span class='ocrx_word' id='word_1_165' title='bbox 1678 955 1728 996; x_wconf 72' lang='lat' dir='ltr'>ter</span> <span class='ocrx_word' id='word_1_166' title='bbox 1741 960 1830 991; x_wconf 80' lang='lat' dir='ltr'>repe-</span> 
     </span>
     <span class='ocr_line' id='line_1_14' title="bbox 212 1001 1828 1047; baseline 0.002 -14"><span class='ocrx_word' id='word_1_167' title='bbox 212 1002 304 1039; x_wconf 86' lang='lat' dir='ltr'>ritur,</span> <span class='ocrx_word' id='word_1_168' title='bbox 336 1001 394 1034; x_wconf 91' lang='lat' dir='ltr'>lin.</span> <span class='ocrx_word' id='word_1_169' title='bbox 410 1005 430 1034; x_wconf 92' lang='lat'>3</span> <span class='ocrx_word' id='word_1_170' title='bbox 452 1003 486 1034; x_wconf 88' lang='lat' dir='ltr'>in</span> <span class='ocrx_word' id='word_1_171' title='bbox 507 1003 611 1040; x_wconf 64' lang='grc'><strong>5555,</strong></span> <span class='ocrx_word' id='word_1_172' title='bbox 634 1009 668 1033; x_wconf 86' lang='lat' dir='ltr'>et</span> <span class='ocrx_word' id='word_1_173' title='bbox 682 1001 740 1033; x_wconf 90' lang='lat' dir='ltr'>lin.</span> <span class='ocrx_word' id='word_1_174' title='bbox 756 1006 778 1034; x_wconf 83' lang='lat'>4</span> <span class='ocrx_word' id='word_1_175' title='bbox 803 1004 838 1034; x_wconf 88' lang='lat' dir='ltr'>in</span> <span class='ocrx_word' id='word_1_176' title='bbox 856 1004 933 1037; x_wconf 59' lang='grc' dir='ltr'>θεὼ.</span> <span class='ocrx_word' id='word_1_177' title='bbox 977 1004 1010 1044; x_wconf 87' lang='grc'>3)</span> <span class='ocrx_word' id='word_1_178' title='bbox 1030 1004 1186 1036; x_wconf 87' lang='lat' dir='ltr'>Litteram</span> <span class='ocrx_word' id='word_1_179' title='bbox 1209 1010 1320 1047; x_wconf 86' lang='lat' dir='ltr'>quater</span> <span class='ocrx_word' id='word_1_180' title='bbox 1342 1004 1470 1037; x_wconf 87' lang='lat' dir='ltr'>obviam</span> <span class='ocrx_word' id='word_1_181' title='bbox 1494 1005 1543 1047; x_wconf 86' lang='lat'>(4.</span> <span class='ocrx_word' id='word_1_182' title='bbox 1557 1007 1590 1037; x_wconf 85' lang='lat'>9.</span> <span class='ocrx_word' id='word_1_183' title='bbox 1606 1007 1656 1036; x_wconf 89' lang='lat'>11.</span> <span class='ocrx_word' id='word_1_184' title='bbox 1676 1004 1737 1047; x_wconf 81' lang='lat'>14)</span> <span class='ocrx_word' id='word_1_185' title='bbox 1765 1016 1828 1038; x_wconf 92' lang='lat' dir='ltr'>nou</span> 
     </span>
     <span class='ocr_line' id='line_1_15' title="bbox 210 1057 1830 1101; baseline 0.001 -10"><span class='ocrx_word' id='word_1_186' title='bbox 210 1057 318 1095; x_wconf 66' lang='lat' dir='ltr'>Mem,</span> <span class='ocrx_word' id='word_1_187' title='bbox 357 1057 415 1089; x_wconf 87' lang='lat' dir='ltr'>sed</span> <span class='ocrx_word' id='word_1_188' title='bbox 436 1057 547 1099; x_wconf 70' lang='lat' dir='ltr'>Alepla</span> <span class='ocrx_word' id='word_1_189' title='bbox 569 1067 640 1089; x_wconf 87' lang='lat' dir='ltr'>esse</span> <span class='ocrx_word' id='word_1_190' title='bbox 663 1058 826 1089; x_wconf 86' lang='lat' dir='ltr'>existimat</span> <span class='ocrx_word' id='word_1_191' title='bbox 846 1065 976 1097; x_wconf 88' lang='lat' dir='ltr'>auctor,</span> <span class='ocrx_word' id='word_1_192' title='bbox 1011 1060 1095 1101; x_wconf 88' lang='lat' dir='ltr'>quod</span> <span class='ocrx_word' id='word_1_193' title='bbox 1118 1066 1150 1090; x_wconf 86' lang='lat' dir='ltr'>et</span> <span class='ocrx_word' id='word_1_194' title='bbox 1171 1061 1275 1101; x_wconf 90' lang='lat' dir='ltr'>ipsum</span> <span class='ocrx_word' id='word_1_195' title='bbox 1305 1060 1367 1092; x_wconf 88' lang='lat' dir='ltr'>sibi</span> <span class='ocrx_word' id='word_1_196' title='bbox 1388 1060 1486 1092; x_wconf 87' lang='lat' dir='ltr'>licere</span> <span class='ocrx_word' id='word_1_197' title='bbox 1508 1061 1619 1093; x_wconf 86' lang='lat' dir='ltr'>credit.</span> <span class='ocrx_word' id='word_1_198' title='bbox 1661 1061 1726 1093; x_wconf 86' lang='lat' dir='ltr'>Sed</span> <span class='ocrx_word' id='word_1_199' title='bbox 1747 1061 1830 1094; x_wconf 88' lang='lat' dir='ltr'>litte-</span> 
     </span>
     <span class='ocr_line' id='line_1_16' title="bbox 209 1113 1828 1158; baseline 0.002 -12"><span class='ocrx_word' id='word_1_200' title='bbox 209 1125 317 1146; x_wconf 85' lang='lat' dir='ltr'>rarum</span> <span class='ocrx_word' id='word_1_201' title='bbox 340 1126 380 1152; x_wconf 77' lang='lat' dir='ltr'>n,</span> <span class='ocrx_word' id='word_1_202' title='bbox 404 1122 445 1152; x_wconf 65' lang='grc' dir='ltr'>Ν,</span> <span class='ocrx_word' id='word_1_203' title='bbox 469 1123 516 1152; x_wconf 72' lang='lat' dir='ltr'>w,</span> <span class='ocrx_word' id='word_1_204' title='bbox 538 1121 560 1146; x_wconf 76' lang='lat'>7:</span> <span class='ocrx_word' id='word_1_205' title='bbox 585 1124 648 1145; x_wconf 93' lang='lat' dir='ltr'>non</span> <span class='ocrx_word' id='word_1_206' title='bbox 671 1120 759 1145; x_wconf 84' lang='lat' dir='ltr'>tanta</span> <span class='ocrx_word' id='word_1_207' title='bbox 780 1113 920 1155; x_wconf 82' lang='lat' dir='ltr'>profecto</span> <span class='ocrx_word' id='word_1_208' title='bbox 947 1120 996 1145; x_wconf 88' lang='lat' dir='ltr'>est</span> <span class='ocrx_word' id='word_1_209' title='bbox 1024 1113 1188 1153; x_wconf 81' lang='lat' dir='ltr'>confusio,</span> <span class='ocrx_word' id='word_1_210' title='bbox 1224 1115 1349 1158; x_wconf 83' lang='lat' dir='ltr'>qualem</span> <span class='ocrx_word' id='word_1_211' title='bbox 1379 1123 1489 1148; x_wconf 87' lang='lat' dir='ltr'>auctor</span> <span class='ocrx_word' id='word_1_212' title='bbox 1514 1123 1656 1149; x_wconf 85' lang='lat' dir='ltr'>statuere</span> <span class='ocrx_word' id='word_1_213' title='bbox 1686 1118 1828 1156; x_wconf 88' lang='lat' dir='ltr'>videtur,</span> 
     </span>
    </p>
   </div>
   <div class='ocr_carea' id='block_1_3' title="bbox 210 1176 1833 2189">
    <p class='ocr_par' dir='ltr' id='par_1_3' title="bbox 210 1176 1833 2189">
     <span class='ocr_line' id='line_1_17' title="bbox 210 1176 1827 1234; baseline 0.002 -21"><span class='ocrx_word' id='word_1_214' title='bbox 210 1189 244 1213; x_wconf 90' lang='lat' dir='ltr'>et</span> <span class='ocrx_word' id='word_1_215' title='bbox 262 1182 343 1214; x_wconf 85' lang='lat' dir='ltr'>haec</span> <span class='ocrx_word' id='word_1_216' title='bbox 365 1182 434 1223; x_wconf 90' lang='lat' dir='ltr'>ipsa</span> <span class='ocrx_word' id='word_1_217' title='bbox 453 1180 557 1213; x_wconf 79' lang='lat' dir='ltr'>forma</span> <span class='ocrx_word' id='word_1_218' title='bbox 570 1203 581 1220; x_wconf 92' lang='lat'>,</span> <span class='ocrx_word' id='word_1_219' title='bbox 606 1191 701 1223; x_wconf 86' lang='lat' dir='ltr'>quam</span> <span class='ocrx_word' id='word_1_220' title='bbox 721 1179 805 1223; x_wconf 87' lang='lat' dir='ltr'>lapis</span> <span class='ocrx_word' id='word_1_221' title='bbox 827 1187 935 1214; x_wconf 87' lang='lat' dir='ltr'>noster</span> <span class='ocrx_word' id='word_1_222' title='bbox 957 1187 1067 1224; x_wconf 86' lang='lat' dir='ltr'>qnater</span> <span class='ocrx_word' id='word_1_223' title='bbox 1090 1180 1223 1213; x_wconf 87' lang='lat' dir='ltr'>exhibet</span> <span class='ocrx_word' id='word_1_224' title='bbox 1255 1176 1310 1234; x_wconf 73' lang='lat' dir='ltr'>&gt;L</span> <span class='ocrx_word' id='word_1_225' title='bbox 1335 1181 1457 1224; x_wconf 87' lang='lat' dir='ltr'>(altera</span> <span class='ocrx_word' id='word_1_226' title='bbox 1478 1185 1581 1216; x_wconf 85' lang='lat' dir='ltr'>crucis</span> <span class='ocrx_word' id='word_1_227' title='bbox 1599 1184 1688 1216; x_wconf 86' lang='lat' dir='ltr'>trabe</span> <span class='ocrx_word' id='word_1_228' title='bbox 1705 1185 1827 1228; x_wconf 86' lang='lat' dir='ltr'>curva),</span> 
     </span>
     <span class='ocr_line' id='line_1_18' title="bbox 211 1241 1831 1287; baseline 0.002 -11"><span class='ocrx_word' id='word_1_229' title='bbox 211 1254 373 1287; x_wconf 88' lang='lat' dir='ltr'>nunquam</span> <span class='ocrx_word' id='word_1_230' title='bbox 388 1249 437 1275; x_wconf 89' lang='lat' dir='ltr'>est</span> <span class='ocrx_word' id='word_1_231' title='bbox 451 1242 581 1285; x_wconf 70' lang='lat' dir='ltr'>Alepla:</span> <span class='ocrx_word' id='word_1_232' title='bbox 602 1250 711 1274; x_wconf 83' lang='lat' dir='ltr'>contra</span> <span class='ocrx_word' id='word_1_233' title='bbox 735 1242 816 1274; x_wconf 89' lang='lat' dir='ltr'>nihil</span> <span class='ocrx_word' id='word_1_234' title='bbox 838 1241 924 1273; x_wconf 87' lang='lat' dir='ltr'>aliud</span> <span class='ocrx_word' id='word_1_235' title='bbox 943 1252 1014 1273; x_wconf 88' lang='lat' dir='ltr'>esse</span> <span class='ocrx_word' id='word_1_236' title='bbox 1036 1248 1139 1283; x_wconf 87' lang='lat' dir='ltr'>potest</span> <span class='ocrx_word' id='word_1_237' title='bbox 1159 1252 1254 1285; x_wconf 88' lang='lat' dir='ltr'>quam</span> <span class='ocrx_word' id='word_1_238' title='bbox 1272 1242 1379 1282; x_wconf 78' lang='lat' dir='ltr'>Mem,</span> <span class='ocrx_word' id='word_1_239' title='bbox 1409 1249 1444 1275; x_wconf 88' lang='lat' dir='ltr'>ut</span> <span class='ocrx_word' id='word_1_240' title='bbox 1465 1251 1550 1275; x_wconf 88' lang='lat' dir='ltr'>recte</span> <span class='ocrx_word' id='word_1_241' title='bbox 1573 1245 1653 1275; x_wconf 88' lang='lat' dir='ltr'>vidit</span> <span class='ocrx_word' id='word_1_242' title='bbox 1673 1246 1831 1279; x_wconf 87' lang='lat' dir='ltr'>Lindber-</span> 
     </span>
     <span class='ocr_line' id='line_1_19' title="bbox 211 1297 1831 1343; baseline 0.001 -11"><span class='ocrx_word' id='word_1_243' title='bbox 211 1302 296 1343; x_wconf 83' lang='lat' dir='ltr'>gius.</span> <span class='ocrx_word' id='word_1_244' title='bbox 340 1297 421 1331; x_wconf 84' lang='lat' dir='ltr'>Orta</span> <span class='ocrx_word' id='word_1_245' title='bbox 441 1300 528 1331; x_wconf 90' lang='lat' dir='ltr'>enim</span> <span class='ocrx_word' id='word_1_246' title='bbox 551 1306 600 1331; x_wconf 85' lang='lat' dir='ltr'>est</span> <span class='ocrx_word' id='word_1_247' title='bbox 621 1310 663 1330; x_wconf 85' lang='lat' dir='ltr'>ex</span> <span class='ocrx_word' id='word_1_248' title='bbox 684 1297 736 1341; x_wconf 65' lang='grc' dir='ltr'>(Η</span> <span class='ocrx_word' id='word_1_249' title='bbox 759 1299 872 1330; x_wconf 87' lang='lat' dir='ltr'>dextro</span> <span class='ocrx_word' id='word_1_250' title='bbox 891 1309 986 1340; x_wconf 88' lang='lat' dir='ltr'>scapo</span> <span class='ocrx_word' id='word_1_251' title='bbox 1007 1297 1165 1340; x_wconf 86' lang='lat' dir='ltr'>neglecto.</span> <span class='ocrx_word' id='word_1_252' title='bbox 1205 1298 1242 1330; x_wconf 91' lang='lat' dir='ltr'>In</span> <span class='ocrx_word' id='word_1_253' title='bbox 1257 1297 1363 1342; x_wconf 87' lang='lat' dir='ltr'>Aleph</span> <span class='ocrx_word' id='word_1_254' title='bbox 1379 1297 1550 1331; x_wconf 88' lang='lat' dir='ltr'>Numidico</span> <span class='ocrx_word' id='word_1_255' title='bbox 1566 1310 1726 1342; x_wconf 86' lang='lat' dir='ltr'>nunquam</span> <span class='ocrx_word' id='word_1_256' title='bbox 1741 1302 1831 1334; x_wconf 85' lang='lat' dir='ltr'>deest</span> 
     </span>
     <span class='ocr_line' id='line_1_20' title="bbox 212 1356 1830 1403; baseline 0.002 -12"><span class='ocrx_word' id='word_1_257' title='bbox 212 1370 316 1392; x_wconf 88' lang='lat' dir='ltr'>uncus</span> <span class='ocrx_word' id='word_1_258' title='bbox 338 1360 373 1391; x_wconf 91' lang='lat' dir='ltr'>in</span> <span class='ocrx_word' id='word_1_259' title='bbox 395 1369 520 1391; x_wconf 89' lang='lat' dir='ltr'>summo</span> <span class='ocrx_word' id='word_1_260' title='bbox 543 1359 676 1390; x_wconf 89' lang='lat' dir='ltr'>dextrae</span> <span class='ocrx_word' id='word_1_261' title='bbox 698 1357 818 1397; x_wconf 90' lang='lat' dir='ltr'>trabis,</span> <span class='ocrx_word' id='word_1_262' title='bbox 844 1358 918 1389; x_wconf 85' lang='lat' dir='ltr'>vide</span> <span class='ocrx_word' id='word_1_263' title='bbox 939 1368 1010 1400; x_wconf 83' lang='lat' dir='ltr'>pag.</span> <span class='ocrx_word' id='word_1_264' title='bbox 1034 1360 1076 1389; x_wconf 87' lang='lat'>20</span> <span class='ocrx_word' id='word_1_265' title='bbox 1095 1356 1150 1400; x_wconf 87' lang='lat' dir='ltr'>fig.</span> <span class='ocrx_word' id='word_1_266' title='bbox 1170 1361 1221 1389; x_wconf 88' lang='lat'>22.</span> <span class='ocrx_word' id='word_1_267' title='bbox 1243 1361 1295 1390; x_wconf 87' lang='grc'>23.</span> <span class='ocrx_word' id='word_1_268' title='bbox 1318 1362 1359 1390; x_wconf 87' lang='grc'><strong>24</strong></span> <span class='ocrx_word' id='word_1_269' title='bbox 1380 1365 1412 1390; x_wconf 89' lang='lat' dir='ltr'>et</span> <span class='ocrx_word' id='word_1_270' title='bbox 1439 1359 1479 1390; x_wconf 87' lang='lat' dir='ltr'>de</span> <span class='ocrx_word' id='word_1_271' title='bbox 1496 1359 1586 1391; x_wconf 71' lang='lat' dir='ltr'>Mea</span> <span class='ocrx_word' id='word_1_272' title='bbox 1607 1358 1716 1392; x_wconf 85' lang='lat' dir='ltr'>littera</span> <span class='ocrx_word' id='word_1_273' title='bbox 1737 1371 1767 1403; x_wconf 86' lang='lat' dir='ltr'>p.</span> <span class='ocrx_word' id='word_1_274' title='bbox 1789 1364 1830 1394; x_wconf 89' lang='grc'>36</span> 
     </span>
     <span class='ocr_line' id='line_1_21' title="bbox 210 1404 1829 1459; baseline 0.001 -11"><span class='ocrx_word' id='word_1_275' title='bbox 210 1416 267 1459; x_wconf 82' lang='lat' dir='ltr'>fig.</span> <span class='ocrx_word' id='word_1_276' title='bbox 283 1418 334 1448; x_wconf 85' lang='lat'>18.</span> <span class='ocrx_word' id='word_1_277' title='bbox 348 1418 399 1448; x_wconf 88' lang='lat'>20.</span> <span class='ocrx_word' id='word_1_278' title='bbox 443 1415 476 1457; x_wconf 85' lang='lat'>4)</span> <span class='ocrx_word' id='word_1_279' title='bbox 498 1415 654 1447; x_wconf 90' lang='lat' dir='ltr'>Litteram</span> <span class='ocrx_word' id='word_1_280' title='bbox 665 1418 806 1457; x_wconf 68' lang='lat' dir='ltr'>primam</span> <span class='ocrx_word' id='word_1_281' title='bbox 821 1413 937 1446; x_wconf 87' lang='lat' dir='ltr'>Arrius</span> <span class='ocrx_word' id='word_1_282' title='bbox 953 1413 1044 1455; x_wconf 76' lang='lat' dir='ltr'>Caph</span> <span class='ocrx_word' id='word_1_283' title='bbox 1059 1424 1130 1446; x_wconf 90' lang='lat' dir='ltr'>esse</span> <span class='ocrx_word' id='word_1_284' title='bbox 1155 1415 1334 1446; x_wconf 82' lang='lat' dir='ltr'>existimat:</span> <span class='ocrx_word' id='word_1_285' title='bbox 1358 1414 1414 1446; x_wconf 90' lang='lat' dir='ltr'>sed</span> <span class='ocrx_word' id='word_1_286' title='bbox 1437 1414 1532 1447; x_wconf 88' lang='lat' dir='ltr'>huius</span> <span class='ocrx_word' id='word_1_287' title='bbox 1553 1404 1678 1447; x_wconf 85' lang='lat' dir='ltr'>litterae</span> <span class='ocrx_word' id='word_1_288' title='bbox 1701 1419 1829 1449; x_wconf 88' lang='lat' dir='ltr'>nonnisi</span> 
     </span>
     <span class='ocr_line' id='line_1_22' title="bbox 210 1469 1827 1514; baseline 0.001 -10"><span class='ocrx_word' id='word_1_289' title='bbox 210 1473 342 1504; x_wconf 85' lang='lat' dir='ltr'>sinistra</span> <span class='ocrx_word' id='word_1_290' title='bbox 371 1482 445 1514; x_wconf 86' lang='lat' dir='ltr'>pars</span> <span class='ocrx_word' id='word_1_291' title='bbox 472 1477 636 1514; x_wconf 86' lang='lat' dir='ltr'>superest,</span> <span class='ocrx_word' id='word_1_292' title='bbox 672 1482 766 1514; x_wconf 90' lang='lat' dir='ltr'>quam</span> <span class='ocrx_word' id='word_1_293' title='bbox 795 1470 888 1502; x_wconf 89' lang='lat' dir='ltr'>nobis</span> <span class='ocrx_word' id='word_1_294' title='bbox 916 1469 1061 1512; x_wconf 86' lang='lat' dir='ltr'>suppleat</span> <span class='ocrx_word' id='word_1_295' title='bbox 1088 1470 1204 1513; x_wconf 89' lang='lat' dir='ltr'>aliquis</span> <span class='ocrx_word' id='word_1_296' title='bbox 1225 1471 1291 1510; x_wconf 88' lang='lat' dir='ltr'>ita,</span> <span class='ocrx_word' id='word_1_297' title='bbox 1326 1477 1362 1502; x_wconf 89' lang='lat' dir='ltr'>ut</span> <span class='ocrx_word' id='word_1_298' title='bbox 1383 1469 1560 1513; x_wconf 85' lang='lat' dir='ltr'>legitimum</span> <span class='ocrx_word' id='word_1_299' title='bbox 1584 1470 1674 1513; x_wconf 88' lang='lat' dir='ltr'>Caph</span> <span class='ocrx_word' id='word_1_300' title='bbox 1698 1474 1827 1505; x_wconf 88' lang='lat' dir='ltr'>oriatur.</span> 
     </span>
     <span class='ocr_line' id='line_1_23' title="bbox 211 1526 1829 1570; baseline 0.001 -10"><span class='ocrx_word' id='word_1_301' title='bbox 211 1528 330 1560; x_wconf 84' lang='lat' dir='ltr'>Arrius</span> <span class='ocrx_word' id='word_1_302' title='bbox 356 1534 442 1560; x_wconf 89' lang='lat' dir='ltr'>certe</span> <span class='ocrx_word' id='word_1_303' title='bbox 472 1538 536 1559; x_wconf 89' lang='lat' dir='ltr'>non</span> <span class='ocrx_word' id='word_1_304' title='bbox 566 1527 652 1559; x_wconf 83' lang='lat' dir='ltr'>fecit.</span> <span class='ocrx_word' id='word_1_305' title='bbox 695 1526 843 1570; x_wconf 89' lang='lat' dir='ltr'>Denique</span> <span class='ocrx_word' id='word_1_306' title='bbox 871 1529 905 1568; x_wconf 88' lang='lat'>5)</span> <span class='ocrx_word' id='word_1_307' title='bbox 928 1526 988 1558; x_wconf 88' lang='lat' dir='ltr'>litt.</span> <span class='ocrx_word' id='word_1_308' title='bbox 1014 1529 1053 1558; x_wconf 88' lang='lat'>10</span> <span class='ocrx_word' id='word_1_309' title='bbox 1079 1527 1129 1558; x_wconf 88' lang='lat' dir='ltr'>vir</span> <span class='ocrx_word' id='word_1_310' title='bbox 1151 1527 1352 1559; x_wconf 88' lang='lat' dir='ltr'>doctissimus</span> <span class='ocrx_word' id='word_1_311' title='bbox 1380 1526 1510 1559; x_wconf 86' lang='lat' dir='ltr'>dubiam</span> <span class='ocrx_word' id='word_1_312' title='bbox 1533 1538 1605 1560; x_wconf 89' lang='lat' dir='ltr'>esse</span> <span class='ocrx_word' id='word_1_313' title='bbox 1629 1531 1829 1570; x_wconf 87' lang='lat' dir='ltr'>pronunciat,</span> 
     </span>
     <span class='ocr_line' id='line_1_24' title="bbox 212 1582 1829 1627; baseline 0.001 -10"><span class='ocrx_word' id='word_1_314' title='bbox 212 1591 246 1616; x_wconf 87' lang='lat' dir='ltr'>et</span> <span class='ocrx_word' id='word_1_315' title='bbox 273 1591 442 1627; x_wconf 84' lang='lat' dir='ltr'>propterea</span> <span class='ocrx_word' id='word_1_316' title='bbox 473 1595 516 1615; x_wconf 87' lang='lat' dir='ltr'>ex</span> <span class='ocrx_word' id='word_1_317' title='bbox 538 1590 689 1615; x_wconf 88' lang='lat' dir='ltr'>contextu</span> <span class='ocrx_word' id='word_1_318' title='bbox 712 1583 952 1626; x_wconf 82' lang='lat' dir='ltr'>explicandam:</span> <span class='ocrx_word' id='word_1_319' title='bbox 982 1582 1067 1626; x_wconf 90' lang='lat' dir='ltr'>quod</span> <span class='ocrx_word' id='word_1_320' title='bbox 1090 1593 1154 1615; x_wconf 90' lang='lat' dir='ltr'>non</span> <span class='ocrx_word' id='word_1_321' title='bbox 1177 1584 1374 1626; x_wconf 81' lang='lat' dir='ltr'>scripsisset,</span> <span class='ocrx_word' id='word_1_322' title='bbox 1405 1585 1434 1616; x_wconf 89' lang='lat' dir='ltr'>si</span> <span class='ocrx_word' id='word_1_323' title='bbox 1454 1583 1562 1626; x_wconf 86' lang='lat' dir='ltr'>legere</span> <span class='ocrx_word' id='word_1_324' title='bbox 1585 1591 1616 1615; x_wconf 89' lang='lat' dir='ltr'>et</span> <span class='ocrx_word' id='word_1_325' title='bbox 1635 1586 1829 1627; x_wconf 89' lang='lat' dir='ltr'>perpendere</span> 
     </span>
     <span class='ocr_line' id='line_1_25' title="bbox 213 1638 1829 1683; baseline 0.002 -12"><span class='ocrx_word' id='word_1_326' title='bbox 213 1639 391 1679; x_wconf 88' lang='lat' dir='ltr'>voluisset,</span> <span class='ocrx_word' id='word_1_327' title='bbox 426 1650 507 1683; x_wconf 91' lang='lat' dir='ltr'>quae</span> <span class='ocrx_word' id='word_1_328' title='bbox 537 1641 571 1671; x_wconf 93' lang='lat' dir='ltr'>in</span> <span class='ocrx_word' id='word_1_329' title='bbox 601 1641 746 1672; x_wconf 87' lang='lat' dir='ltr'>exercitt.</span> <span class='ocrx_word' id='word_1_330' title='bbox 776 1638 934 1682; x_wconf 86' lang='lat' dir='ltr'>palaeogr.</span> <span class='ocrx_word' id='word_1_331' title='bbox 963 1650 994 1682; x_wconf 92' lang='lat' dir='ltr'>p.</span> <span class='ocrx_word' id='word_1_332' title='bbox 1018 1642 1058 1671; x_wconf 87' lang='lat'>82</span> <span class='ocrx_word' id='word_1_333' title='bbox 1090 1640 1129 1671; x_wconf 88' lang='lat' dir='ltr'>de</span> <span class='ocrx_word' id='word_1_334' title='bbox 1159 1639 1254 1671; x_wconf 87' lang='lat' dir='ltr'>huius</span> <span class='ocrx_word' id='word_1_335' title='bbox 1283 1641 1369 1682; x_wconf 84' lang='lat' dir='ltr'>signi</span> <span class='ocrx_word' id='word_1_336' title='bbox 1395 1646 1551 1682; x_wconf 85' lang='lat' dir='ltr'>potestate</span> <span class='ocrx_word' id='word_1_337' title='bbox 1579 1641 1829 1675; x_wconf 86' lang='lat' dir='ltr'>observavimus.</span> 
     </span>
     <span class='ocr_line' id='line_1_26' title="bbox 213 1695 1831 1742; baseline 0.002 -14"><span class='ocrx_word' id='word_1_338' title='bbox 213 1696 287 1729; x_wconf 87' lang='lat' dir='ltr'>Hoc</span> <span class='ocrx_word' id='word_1_339' title='bbox 309 1698 396 1729; x_wconf 86' lang='lat' dir='ltr'>enim</span> <span class='ocrx_word' id='word_1_340' title='bbox 419 1695 521 1739; x_wconf 69' lang='grc' dir='ltr'>Κορῆ</span> <span class='ocrx_word' id='word_1_341' title='bbox 543 1706 632 1735; x_wconf 86' lang='lat' dir='ltr'>esse,</span> <span class='ocrx_word' id='word_1_342' title='bbox 662 1706 757 1727; x_wconf 91' lang='lat' dir='ltr'>nemo</span> <span class='ocrx_word' id='word_1_343' title='bbox 780 1695 928 1738; x_wconf 84' lang='lat' dir='ltr'>negabit,</span> <span class='ocrx_word' id='word_1_344' title='bbox 951 1697 1004 1738; x_wconf 86' lang='lat' dir='ltr'>qui</span> <span class='ocrx_word' id='word_1_345' title='bbox 1027 1706 1098 1727; x_wconf 87' lang='lat' dir='ltr'>voc.</span> <span class='ocrx_word' id='word_1_346' title='bbox 1119 1697 1184 1740; x_wconf 56' lang='lat' dir='ltr'>nb?</span> <span class='ocrx_word' id='word_1_347' title='bbox 1206 1695 1335 1728; x_wconf 91' lang='lat' dir='ltr'>Numid.</span> <span class='ocrx_word' id='word_1_348' title='bbox 1361 1699 1390 1735; x_wconf 90' lang='lat'>1,</span> <span class='ocrx_word' id='word_1_349' title='bbox 1412 1699 1442 1727; x_wconf 87' lang='lat'>2.</span> <span class='ocrx_word' id='word_1_350' title='bbox 1463 1699 1495 1735; x_wconf 90' lang='grc'>2,</span> <span class='ocrx_word' id='word_1_351' title='bbox 1518 1699 1547 1728; x_wconf 88' lang='grc'>2.</span> <span class='ocrx_word' id='word_1_352' title='bbox 1569 1701 1601 1737; x_wconf 83' lang='grc'>4,</span> <span class='ocrx_word' id='word_1_353' title='bbox 1623 1700 1642 1730; x_wconf 88' lang='grc'>3</span> <span class='ocrx_word' id='word_1_354' title='bbox 1663 1698 1724 1730; x_wconf 89' lang='lat' dir='ltr'>hoc</span> <span class='ocrx_word' id='word_1_355' title='bbox 1738 1700 1831 1742; x_wconf 82' lang='lat' dir='ltr'>signo</span> 
     </span>
     <span class='ocr_line' id='line_1_27' title="bbox 213 1750 1831 1801; baseline 0.001 -16"><span class='ocrx_word' id='word_1_356' title='bbox 213 1754 364 1795; x_wconf 84' lang='lat' dir='ltr'>scriptum</span> <span class='ocrx_word' id='word_1_357' title='bbox 387 1753 619 1801; x_wconf 84' lang='lat' dir='ltr'>comparaverit</span> <span class='ocrx_word' id='word_1_358' title='bbox 641 1762 712 1783; x_wconf 88' lang='lat' dir='ltr'>cum</span> <span class='ocrx_word' id='word_1_359' title='bbox 734 1750 868 1784; x_wconf 88' lang='lat' dir='ltr'>Numid.</span> <span class='ocrx_word' id='word_1_360' title='bbox 889 1755 921 1791; x_wconf 88' lang='grc'>3,</span> <span class='ocrx_word' id='word_1_361' title='bbox 945 1755 975 1791; x_wconf 91' lang='grc'>2,</span> <span class='ocrx_word' id='word_1_362' title='bbox 999 1751 1054 1784; x_wconf 93' lang='lat' dir='ltr'>ubi</span> <span class='ocrx_word' id='word_1_363' title='bbox 1076 1753 1110 1784; x_wconf 90' lang='lat' dir='ltr'>in</span> <span class='ocrx_word' id='word_1_364' title='bbox 1137 1753 1249 1784; x_wconf 89' lang='lat' dir='ltr'>eodem</span> <span class='ocrx_word' id='word_1_365' title='bbox 1271 1751 1428 1784; x_wconf 86' lang='lat' dir='ltr'>vocabulo</span> <span class='ocrx_word' id='word_1_366' title='bbox 1450 1751 1592 1796; x_wconf 85' lang='lat' dir='ltr'>vulgaris</span> <span class='ocrx_word' id='word_1_367' title='bbox 1614 1755 1684 1786; x_wconf 88' lang='lat' dir='ltr'>eius</span> <span class='ocrx_word' id='word_1_368' title='bbox 1705 1754 1831 1787; x_wconf 85' lang='lat' dir='ltr'>litterae</span> 
     </span>
     <span class='ocr_line' id='line_1_28' title="bbox 214 1807 1831 1852; baseline 0.002 -11"><span class='ocrx_word' id='word_1_369' title='bbox 214 1809 318 1841; x_wconf 84' lang='lat' dir='ltr'>forma</span> <span class='ocrx_word' id='word_1_370' title='bbox 346 1816 485 1852; x_wconf 87' lang='lat' dir='ltr'>apparet.</span> <span class='ocrx_word' id='word_1_371' title='bbox 535 1807 598 1840; x_wconf 91' lang='lat' dir='ltr'>His</span> <span class='ocrx_word' id='word_1_372' title='bbox 625 1809 671 1839; x_wconf 87' lang='lat' dir='ltr'>ita</span> <span class='ocrx_word' id='word_1_373' title='bbox 699 1807 867 1850; x_wconf 87' lang='lat' dir='ltr'>disputatis</span> <span class='ocrx_word' id='word_1_374' title='bbox 897 1819 962 1839; x_wconf 90' lang='lat' dir='ltr'>nou</span> <span class='ocrx_word' id='word_1_375' title='bbox 991 1816 1040 1840; x_wconf 87' lang='lat' dir='ltr'>est</span> <span class='ocrx_word' id='word_1_376' title='bbox 1071 1809 1155 1851; x_wconf 90' lang='lat' dir='ltr'>quod</span> <span class='ocrx_word' id='word_1_377' title='bbox 1177 1808 1403 1847; x_wconf 87' lang='lat' dir='ltr'>observemus,</span> <span class='ocrx_word' id='word_1_378' title='bbox 1441 1809 1537 1841; x_wconf 87' lang='lat' dir='ltr'>etiam</span> <span class='ocrx_word' id='word_1_379' title='bbox 1560 1809 1656 1841; x_wconf 85' lang='lat' dir='ltr'>talem</span> <span class='ocrx_word' id='word_1_380' title='bbox 1677 1812 1831 1844; x_wconf 87' lang='lat' dir='ltr'>orationis</span> 
     </span>
     <span class='ocr_line' id='line_1_29' title="bbox 213 1863 1830 1911; baseline 0.002 -14"><span class='ocrx_word' id='word_1_381' title='bbox 213 1865 369 1905; x_wconf 83' lang='lat' dir='ltr'>formam,</span> <span class='ocrx_word' id='word_1_382' title='bbox 400 1863 526 1908; x_wconf 89' lang='lat' dir='ltr'>qualem</span> <span class='ocrx_word' id='word_1_383' title='bbox 549 1871 660 1896; x_wconf 87' lang='lat' dir='ltr'>auctor</span> <span class='ocrx_word' id='word_1_384' title='bbox 682 1863 824 1904; x_wconf 86' lang='lat' dir='ltr'>effinxit,</span> <span class='ocrx_word' id='word_1_385' title='bbox 854 1865 888 1896; x_wconf 91' lang='lat' dir='ltr'>in</span> <span class='ocrx_word' id='word_1_386' title='bbox 909 1863 1005 1896; x_wconf 87' lang='lat' dir='ltr'>huius</span> <span class='ocrx_word' id='word_1_387' title='bbox 1027 1866 1168 1907; x_wconf 86' lang='lat' dir='ltr'>regionis</span> <span class='ocrx_word' id='word_1_388' title='bbox 1189 1866 1396 1908; x_wconf 85' lang='lat' dir='ltr'>inscriptione</span> <span class='ocrx_word' id='word_1_389' title='bbox 1418 1865 1497 1897; x_wconf 83' lang='lat' dir='ltr'>ferri</span> <span class='ocrx_word' id='word_1_390' title='bbox 1512 1876 1576 1897; x_wconf 91' lang='lat' dir='ltr'>non</span> <span class='ocrx_word' id='word_1_391' title='bbox 1600 1877 1714 1908; x_wconf 85' lang='lat' dir='ltr'>posse,</span> <span class='ocrx_word' id='word_1_392' title='bbox 1736 1879 1830 1911; x_wconf 84' lang='lat' dir='ltr'>quum</span> 
     </span>
     <span class='ocr_line' id='line_1_30' title="bbox 215 1909 1832 1964; baseline 0.001 -10"><span class='ocrx_word' id='word_1_393' title='bbox 215 1924 325 1954; x_wconf 88' lang='lat' dir='ltr'>omnia</span> <span class='ocrx_word' id='word_1_394' title='bbox 354 1928 559 1954; x_wconf 85' lang='lat' dir='ltr'>monumenta</span> <span class='ocrx_word' id='word_1_395' title='bbox 586 1909 757 1952; x_wconf 86' lang='lat' dir='ltr'>Numidica</span> <span class='ocrx_word' id='word_1_396' title='bbox 786 1931 899 1963; x_wconf 90' lang='lat' dir='ltr'>purum</span> <span class='ocrx_word' id='word_1_397' title='bbox 932 1919 1160 1952; x_wconf 88' lang='lat' dir='ltr'>Hebraismum</span> <span class='ocrx_word' id='word_1_398' title='bbox 1188 1928 1379 1964; x_wconf 89' lang='lat' dir='ltr'>sequantur,</span> <span class='ocrx_word' id='word_1_399' title='bbox 1417 1920 1499 1952; x_wconf 89' lang='lat' dir='ltr'>nihil</span> <span class='ocrx_word' id='word_1_400' title='bbox 1528 1921 1685 1954; x_wconf 85' lang='lat' dir='ltr'>chaldaici</span> <span class='ocrx_word' id='word_1_401' title='bbox 1717 1922 1832 1956; x_wconf 86' lang='lat' dir='ltr'>coloris</span> 
     </span>
     <span class='ocr_line' id='line_1_31' title="bbox 215 1976 1832 2020; baseline 0 -9"><span class='ocrx_word' id='word_1_402' title='bbox 215 1978 366 2011; x_wconf 85' lang='lat' dir='ltr'>habeant.</span> <span class='ocrx_word' id='word_1_403' title='bbox 410 1977 455 2010; x_wconf 89' lang='lat' dir='ltr'>Iis</span> <span class='ocrx_word' id='word_1_404' title='bbox 476 1978 580 2016; x_wconf 88' lang='lat' dir='ltr'>enim,</span> <span class='ocrx_word' id='word_1_405' title='bbox 612 1987 692 2020; x_wconf 90' lang='lat' dir='ltr'>quae</span> <span class='ocrx_word' id='word_1_406' title='bbox 717 1976 756 2008; x_wconf 92' lang='lat' dir='ltr'>de</span> <span class='ocrx_word' id='word_1_407' title='bbox 778 1976 956 2008; x_wconf 88' lang='lat' dir='ltr'>litterarum</span> <span class='ocrx_word' id='word_1_408' title='bbox 977 1983 1134 2019; x_wconf 88' lang='lat' dir='ltr'>potestate</span> <span class='ocrx_word' id='word_1_409' title='bbox 1158 1976 1341 2009; x_wconf 80' lang='lat' dir='ltr'>definienda</span> <span class='ocrx_word' id='word_1_410' title='bbox 1363 1976 1522 2017; x_wconf 86' lang='lat' dir='ltr'>diximus,</span> <span class='ocrx_word' id='word_1_411' title='bbox 1560 1979 1737 2016; x_wconf 79' lang='lat' dir='ltr'>omnisres</span> <span class='ocrx_word' id='word_1_412' title='bbox 1759 1990 1832 2011; x_wconf 88' lang='lat' dir='ltr'>con-</span> 
     </span>
     <span class='ocr_line' id='line_1_32' title="bbox 213 2032 1831 2076; baseline 0.001 -10"><span class='ocrx_word' id='word_1_413' title='bbox 213 2034 331 2067; x_wconf 88' lang='lat' dir='ltr'>ficitur.</span> <span class='ocrx_word' id='word_1_414' title='bbox 376 2034 523 2066; x_wconf 88' lang='lat' dir='ltr'>Ceterum</span> <span class='ocrx_word' id='word_1_415' title='bbox 546 2033 630 2076; x_wconf 90' lang='lat' dir='ltr'>qnod</span> <span class='ocrx_word' id='word_1_416' title='bbox 652 2034 747 2064; x_wconf 91' lang='lat' dir='ltr'>etiam</span> <span class='ocrx_word' id='word_1_417' title='bbox 770 2034 804 2064; x_wconf 90' lang='lat' dir='ltr'>in</span> <span class='ocrx_word' id='word_1_418' title='bbox 827 2032 891 2065; x_wconf 92' lang='lat' dir='ltr'>hoc</span> <span class='ocrx_word' id='word_1_419' title='bbox 909 2032 1001 2065; x_wconf 89' lang='lat' dir='ltr'>titulo</span> <span class='ocrx_word' id='word_1_420' title='bbox 1023 2032 1213 2076; x_wconf 86' lang='lat' dir='ltr'>explicando</span> <span class='ocrx_word' id='word_1_421' title='bbox 1234 2044 1255 2064; x_wconf 89' lang='lat' dir='ltr'>a</span> <span class='ocrx_word' id='word_1_422' title='bbox 1275 2034 1338 2065; x_wconf 86' lang='lat' dir='ltr'>viri</span> <span class='ocrx_word' id='word_1_423' title='bbox 1359 2032 1558 2066; x_wconf 87' lang='lat' dir='ltr'>celeberrimi</span> <span class='ocrx_word' id='word_1_424' title='bbox 1574 2036 1732 2068; x_wconf 86' lang='lat' dir='ltr'>sententia</span> <span class='ocrx_word' id='word_1_425' title='bbox 1752 2036 1831 2067; x_wconf 89' lang='lat' dir='ltr'>mihi</span> 
     </span>
     <span class='ocr_line' id='line_1_33' title="bbox 215 2088 1833 2133; baseline 0.001 -10"><span class='ocrx_word' id='word_1_426' title='bbox 215 2091 443 2123; x_wconf 89' lang='lat' dir='ltr'>discedendum</span> <span class='ocrx_word' id='word_1_427' title='bbox 473 2090 551 2129; x_wconf 84' lang='lat' dir='ltr'>fuit,</span> <span class='ocrx_word' id='word_1_428' title='bbox 595 2095 711 2132; x_wconf 88' lang='lat' dir='ltr'>quanto</span> <span class='ocrx_word' id='word_1_429' title='bbox 739 2100 800 2131; x_wconf 84' lang='lat' dir='ltr'>ego</span> <span class='ocrx_word' id='word_1_430' title='bbox 829 2089 891 2121; x_wconf 92' lang='lat' dir='ltr'>hoc</span> <span class='ocrx_word' id='word_1_431' title='bbox 920 2090 1049 2132; x_wconf 84' lang='lat' dir='ltr'>gravius</span> <span class='ocrx_word' id='word_1_432' title='bbox 1078 2088 1155 2129; x_wconf 91' lang='lat' dir='ltr'>tuli,</span> <span class='ocrx_word' id='word_1_433' title='bbox 1191 2095 1280 2121; x_wconf 88' lang='lat' dir='ltr'>tanto</span> <span class='ocrx_word' id='word_1_434' title='bbox 1310 2100 1381 2121; x_wconf 89' lang='lat' dir='ltr'>enm</span> <span class='ocrx_word' id='word_1_435' title='bbox 1421 2090 1534 2133; x_wconf 88' lang='lat' dir='ltr'>quippe</span> <span class='ocrx_word' id='word_1_436' title='bbox 1562 2090 1663 2123; x_wconf 86' lang='lat' dir='ltr'>solius</span> <span class='ocrx_word' id='word_1_437' title='bbox 1691 2092 1833 2124; x_wconf 80' lang='lat' dir='ltr'>veritatis</span> 
     </span>
     <span class='ocr_line' id='line_1_34' title="bbox 215 2144 893 2189; baseline -0.003 -10"><span class='ocrx_word' id='word_1_438' title='bbox 215 2148 394 2180; x_wconf 82' lang='lat' dir='ltr'>studiosum</span> <span class='ocrx_word' id='word_1_439' title='bbox 417 2147 450 2178; x_wconf 92' lang='lat' dir='ltr'>id</span> <span class='ocrx_word' id='word_1_440' title='bbox 472 2157 569 2189; x_wconf 88' lang='lat' dir='ltr'>spero</span> <span class='ocrx_word' id='word_1_441' title='bbox 591 2145 718 2178; x_wconf 86' lang='lat' dir='ltr'>facilius</span> <span class='ocrx_word' id='word_1_442' title='bbox 746 2144 893 2177; x_wconf 83' lang='lat' dir='ltr'>laturum.</span> 
     </span>
    </p>
   </div>
   <div class='ocr_carea' id='block_1_4' title="bbox 216 2239 1838 2622">
    <p class='ocr_par' dir='ltr' id='par_1_4' title="bbox 216 2239 1838 2622">
     <span class='ocr_line' id='line_1_35' title="bbox 344 2239 1834 2285; baseline 0.001 -11"><span class='ocrx_word' id='word_1_443' title='bbox 344 2243 421 2284; x_wconf 82' lang='lat' dir='ltr'>Pag.</span> <span class='ocrx_word' id='word_1_444' title='bbox 451 2245 522 2274; x_wconf 88' lang='lat'>232.</span> <span class='ocrx_word' id='word_1_445' title='bbox 572 2240 699 2273; x_wconf 92' lang='lat' dir='ltr'>Nomen</span> <span class='ocrx_word' id='word_1_446' title='bbox 727 2242 893 2283; x_wconf 88' lang='lat' dir='ltr'>proprium</span> <span class='ocrx_word' id='word_1_447' title='bbox 923 2248 1022 2274; x_wconf 60' lang='lat' dir='ltr'>&#39;ruma</span> <span class='ocrx_word' id='word_1_448' title='bbox 1053 2242 1086 2272; x_wconf 91' lang='lat' dir='ltr'>in</span> <span class='ocrx_word' id='word_1_449' title='bbox 1118 2251 1168 2273; x_wconf 93' lang='lat' dir='ltr'>no.</span> <span class='ocrx_word' id='word_1_450' title='bbox 1191 2243 1232 2273; x_wconf 85' lang='lat'>⁷0</span> <span class='ocrx_word' id='word_1_451' title='bbox 1266 2240 1342 2284; x_wconf 87' lang='lat' dir='ltr'>quid</span> <span class='ocrx_word' id='word_1_452' title='bbox 1363 2240 1538 2284; x_wconf 77' lang='lat' dir='ltr'>significet,</span> <span class='ocrx_word' id='word_1_453' title='bbox 1578 2239 1739 2283; x_wconf 85' lang='lat' dir='ltr'>aliquanto</span> <span class='ocrx_word' id='word_1_454' title='bbox 1761 2250 1834 2285; x_wconf 85' lang='lat' dir='ltr'>post</span> 
     </span>
     <span class='ocr_line' id='line_1_36' title="bbox 216 2296 1834 2341; baseline 0.001 -11"><span class='ocrx_word' id='word_1_455' title='bbox 216 2300 344 2331; x_wconf 89' lang='lat' dir='ltr'>demum</span> <span class='ocrx_word' id='word_1_456' title='bbox 372 2299 534 2330; x_wconf 89' lang='lat' dir='ltr'>invenisse</span> <span class='ocrx_word' id='word_1_457' title='bbox 563 2297 643 2329; x_wconf 91' lang='lat' dir='ltr'>mihi</span> <span class='ocrx_word' id='word_1_458' title='bbox 670 2297 791 2329; x_wconf 69' lang='lat' dir='ltr'>videor.</span> <span class='ocrx_word' id='word_1_459' title='bbox 844 2296 972 2329; x_wconf 90' lang='lat' dir='ltr'>Dictum</span> <span class='ocrx_word' id='word_1_460' title='bbox 1003 2298 1089 2332; x_wconf 90' lang='lat' dir='ltr'>enim</span> <span class='ocrx_word' id='word_1_461' title='bbox 1117 2297 1243 2329; x_wconf 87' lang='lat' dir='ltr'>videtur</span> <span class='ocrx_word' id='word_1_462' title='bbox 1271 2307 1331 2340; x_wconf 87' lang='lat' dir='ltr'>pro</span> <span class='ocrx_word' id='word_1_463' title='bbox 1359 2306 1419 2331; x_wconf 58' lang='lat' dir='ltr'>&#39;nte</span> <span class='ocrx_word' id='word_1_464' title='bbox 1447 2305 1493 2330; x_wconf 72' lang='lat' dir='ltr'>mn</span> <span class='ocrx_word' id='word_1_465' title='bbox 1527 2296 1605 2339; x_wconf 60' lang='lat'>(⁸13⁸</span> <span class='ocrx_word' id='word_1_466' title='bbox 1628 2298 1694 2341; x_wconf 46' lang='lat' dir='ltr'>nvi)</span> <span class='ocrx_word' id='word_1_467' title='bbox 1722 2309 1834 2332; x_wconf 65' lang='lat' dir='ltr'>nonen</span> 
     </span>
     <span class='ocr_line' id='line_1_37' title="bbox 217 2348 1838 2396; baseline 0 -9"><span class='ocrx_word' id='word_1_468' title='bbox 217 2353 322 2396; x_wconf 90' lang='lat' dir='ltr'>(Dei)</span> <span class='ocrx_word' id='word_1_469' title='bbox 343 2365 479 2394; x_wconf 60' lang='lat' dir='ltr'>mecum,</span> <span class='ocrx_word' id='word_1_470' title='bbox 517 2360 552 2386; x_wconf 85' lang='lat' dir='ltr'>ut</span> <span class='ocrx_word' id='word_1_471' title='bbox 573 2365 605 2386; x_wconf 92' lang='lat' dir='ltr'>n.</span> <span class='ocrx_word' id='word_1_472' title='bbox 630 2365 676 2396; x_wconf 86' lang='lat' dir='ltr'>pr.</span> <span class='ocrx_word' id='word_1_473' title='bbox 698 2353 787 2385; x_wconf 90' lang='lat' dir='ltr'>urbis</span> <span class='ocrx_word' id='word_1_474' title='bbox 808 2351 998 2385; x_wconf 88' lang='lat' dir='ltr'>Numidicae</span> <span class='ocrx_word' id='word_1_475' title='bbox 1022 2351 1159 2385; x_wconf 71' lang='lat' dir='ltr'>Similia</span> <span class='ocrx_word' id='word_1_476' title='bbox 1189 2354 1245 2396; x_wconf 87' lang='lat' dir='ltr'>(p.</span> <span class='ocrx_word' id='word_1_477' title='bbox 1269 2354 1353 2396; x_wconf 81' lang='grc'><strong>426)</strong></span> <span class='ocrx_word' id='word_1_478' title='bbox 1374 2348 1435 2396; x_wconf 52' lang='grc' dir='ltr'>μα’</span> <span class='ocrx_word' id='word_1_479' title='bbox 1454 2358 1511 2394; x_wconf 49' lang='grc' dir='ltr'>(ιτ-ιω,</span> <span class='ocrx_word' id='word_1_480' title='bbox 1536 2354 1584 2396; x_wconf 61' lang='lat' dir='ltr'>nu}</span> <span class='ocrx_word' id='word_1_481' title='bbox 1596 2377 1604 2392; x_wconf 92' lang='lat'>,</span> <span class='ocrx_word' id='word_1_482' title='bbox 1639 2354 1678 2385; x_wconf 82' lang='lat' dir='ltr'>cf.</span> <span class='ocrx_word' id='word_1_483' title='bbox 1701 2355 1838 2387; x_wconf 76' lang='lat' dir='ltr'>Itkobac</span> 
     </span>
     <span class='ocr_line' id='line_1_38' title="bbox 217 2402 1834 2456; baseline -0.001 -11"><span class='ocrx_word' id='word_1_484' title='bbox 217 2412 342 2454; x_wconf 54' lang='lat' dir='ltr'>qujmq</span> <span class='ocrx_word' id='word_1_485' title='bbox 365 2417 397 2442; x_wconf 90' lang='lat' dir='ltr'>et</span> <span class='ocrx_word' id='word_1_486' title='bbox 418 2410 550 2444; x_wconf 74' lang='lat' dir='ltr'>Salithu</span> <span class='ocrx_word' id='word_1_487' title='bbox 581 2411 631 2452; x_wconf 89' lang='lat' dir='ltr'>(p.</span> <span class='ocrx_word' id='word_1_488' title='bbox 646 2411 728 2451; x_wconf 89' lang='grc'>413)</span> <span class='ocrx_word' id='word_1_489' title='bbox 752 2409 887 2441; x_wconf 85' lang='lat' dir='ltr'>fortasse</span> <span class='ocrx_word' id='word_1_490' title='bbox 910 2421 966 2452; x_wconf 92' lang='lat' dir='ltr'>pro</span> <span class='ocrx_word' id='word_1_491' title='bbox 989 2419 1060 2456; x_wconf 64' lang='grc' dir='ltr'>πτῳς</span> <span class='ocrx_word' id='word_1_492' title='bbox 1083 2410 1137 2444; x_wconf 65' lang='lat' dir='ltr'>bm&#39;</span> <span class='ocrx_word' id='word_1_493' title='bbox 1161 2413 1252 2453; x_wconf 73' lang='lat' dir='ltr'>quies</span> <span class='ocrx_word' id='word_1_494' title='bbox 1279 2420 1347 2441; x_wconf 75' lang='lat' dir='ltr'>cum</span> <span class='ocrx_word' id='word_1_495' title='bbox 1377 2420 1427 2441; x_wconf 85' lang='lat' dir='ltr'>ea.</span> <span class='ocrx_word' id='word_1_496' title='bbox 1478 2414 1545 2452; x_wconf 54' lang='lat' dir='ltr'>nui,</span> <span class='ocrx_word' id='word_1_497' title='bbox 1576 2413 1650 2453; x_wconf 54' lang='grc' dir='ltr'>εαξη</span> <span class='ocrx_word' id='word_1_498' title='bbox 1672 2409 1770 2453; x_wconf 89' lang='lat' dir='ltr'>ellipt.</span> <span class='ocrx_word' id='word_1_499' title='bbox 1794 2402 1834 2443; x_wconf 89' lang='lat' dir='ltr'>de</span> 
     </span>
     <span class='ocr_line' id='line_1_39' title="bbox 217 2464 1834 2509; baseline -0.001 -10"><span class='ocrx_word' id='word_1_500' title='bbox 217 2468 349 2500; x_wconf 82' lang='lat' dir='ltr'>nomine</span> <span class='ocrx_word' id='word_1_501' title='bbox 378 2466 442 2498; x_wconf 93' lang='lat' dir='ltr'>Dei</span> <span class='ocrx_word' id='word_1_502' title='bbox 470 2466 570 2499; x_wconf 89' lang='lat' dir='ltr'>habes</span> <span class='ocrx_word' id='word_1_503' title='bbox 598 2466 676 2498; x_wconf 91' lang='lat' dir='ltr'>Lev.</span> <span class='ocrx_word' id='word_1_504' title='bbox 699 2469 750 2504; x_wconf 86' lang='lat'>24,</span> <span class='ocrx_word' id='word_1_505' title='bbox 774 2469 824 2498; x_wconf 84' lang='lat'>11.</span> <span class='ocrx_word' id='word_1_506' title='bbox 847 2469 899 2498; x_wconf 85' lang='grc'>16.</span> <span class='ocrx_word' id='word_1_507' title='bbox 932 2466 1027 2498; x_wconf 86' lang='lat' dir='ltr'>Dent.</span> <span class='ocrx_word' id='word_1_508' title='bbox 1051 2469 1103 2505; x_wconf 88' lang='lat'>28,</span> <span class='ocrx_word' id='word_1_509' title='bbox 1127 2468 1167 2498; x_wconf 83' lang='grc'>58</span> <span class='ocrx_word' id='word_1_510' title='bbox 1178 2489 1196 2505; x_wconf 70' lang='grc'>,,</span> <span class='ocrx_word' id='word_1_511' title='bbox 1223 2477 1283 2508; x_wconf 86' lang='lat' dir='ltr'>pro</span> <span class='ocrx_word' id='word_1_512' title='bbox 1306 2475 1365 2507; x_wconf 53' lang='lat' dir='ltr'>⁹¹³.ss</span> <span class='ocrx_word' id='word_1_513' title='bbox 1389 2465 1494 2497; x_wconf 79' lang='lat' dir='ltr'>autem&#39;</span> <span class='ocrx_word' id='word_1_514' title='bbox 1518 2464 1552 2498; x_wconf 89' lang='lat' dir='ltr'>h.</span> <span class='ocrx_word' id='word_1_515' title='bbox 1572 2464 1592 2496; x_wconf 91' lang='lat' dir='ltr'>l.</span> <span class='ocrx_word' id='word_1_516' title='bbox 1615 2468 1765 2509; x_wconf 90' lang='lat' dir='ltr'>scriptum</span> <span class='ocrx_word' id='word_1_517' title='bbox 1787 2475 1834 2499; x_wconf 85' lang='lat' dir='ltr'>est</span> 
     </span>
     <span class='ocr_line' id='line_1_40' title="bbox 217 2520 1836 2566; baseline -0.001 -9"><span class='ocrx_word' id='word_1_518' title='bbox 217 2534 282 2562; x_wconf 60' lang='lat' dir='ltr'>’rm</span> <span class='ocrx_word' id='word_1_519' title='bbox 310 2533 401 2555; x_wconf 87' lang='lat' dir='ltr'>more</span> <span class='ocrx_word' id='word_1_520' title='bbox 423 2521 675 2561; x_wconf 85' lang='lat' dir='ltr'>Aramaeorum,</span> <span class='ocrx_word' id='word_1_521' title='bbox 711 2524 764 2566; x_wconf 87' lang='lat' dir='ltr'>qui</span> <span class='ocrx_word' id='word_1_522' title='bbox 788 2532 809 2555; x_wconf 65' lang='grc' dir='ltr'>κ</span> <span class='ocrx_word' id='word_1_523' title='bbox 833 2523 992 2564; x_wconf 86' lang='lat' dir='ltr'>(maxime</span> <span class='ocrx_word' id='word_1_524' title='bbox 1015 2526 1031 2554; x_wconf 74' lang='lat' dir='ltr'>i</span> <span class='ocrx_word' id='word_1_525' title='bbox 1051 2520 1355 2563; x_wconf 58' lang='lat' dir='ltr'>vocali&#39;munitum)</span> <span class='ocrx_word' id='word_1_526' title='bbox 1384 2523 1418 2552; x_wconf 87' lang='lat' dir='ltr'>in</span> <span class='ocrx_word' id='word_1_527' title='bbox 1448 2522 1563 2554; x_wconf 89' lang='lat' dir='ltr'>mediis</span> <span class='ocrx_word' id='word_1_528' title='bbox 1585 2522 1718 2554; x_wconf 84' lang='lat' dir='ltr'>vocibus</span> <span class='ocrx_word' id='word_1_529' title='bbox 1739 2534 1836 2565; x_wconf 85' lang='lat' dir='ltr'>saepe</span> 
     </span>
     <span class='ocr_line' id='line_1_41' title="bbox 219 2578 1836 2622; baseline -0.001 -10"><span class='ocrx_word' id='word_1_530' title='bbox 219 2578 386 2612; x_wconf 86' lang='lat' dir='ltr'>emolliunt</span> <span class='ocrx_word' id='word_1_531' title='bbox 415 2580 447 2611; x_wconf 88' lang='lat' dir='ltr'>in</span> <span class='ocrx_word' id='word_1_532' title='bbox 477 2589 489 2605; x_wconf 58' lang='grc' dir='ltr'>π</span> <span class='ocrx_word' id='word_1_533' title='bbox 517 2578 618 2621; x_wconf 85' lang='lat' dir='ltr'>(thes.</span> <span class='ocrx_word' id='word_1_534' title='bbox 646 2590 675 2622; x_wconf 90' lang='lat' dir='ltr'>p.</span> <span class='ocrx_word' id='word_1_535' title='bbox 698 2581 728 2618; x_wconf 83' lang='lat'>3,</span> <span class='ocrx_word' id='word_1_536' title='bbox 751 2578 800 2619; x_wconf 88' lang='lat' dir='ltr'>A)</span> <span class='ocrx_word' id='word_1_537' title='bbox 837 2580 1002 2622; x_wconf 85' lang='lat' dir='ltr'>ipsumque</span> <span class='ocrx_word' id='word_1_538' title='bbox 1032 2588 1096 2618; x_wconf 69' lang='lat' dir='ltr'>me,</span> <span class='ocrx_word' id='word_1_539' title='bbox 1134 2578 1191 2610; x_wconf 90' lang='lat' dir='ltr'>ubi</span> <span class='ocrx_word' id='word_1_540' title='bbox 1222 2584 1296 2609; x_wconf 90' lang='lat' dir='ltr'>nota</span> <span class='ocrx_word' id='word_1_541' title='bbox 1329 2579 1502 2610; x_wconf 86' lang='lat' dir='ltr'>accusativi</span> <span class='ocrx_word' id='word_1_542' title='bbox 1524 2585 1591 2617; x_wconf 89' lang='lat' dir='ltr'>est,</span> <span class='ocrx_word' id='word_1_543' title='bbox 1627 2589 1662 2612; x_wconf 62' lang='lat' dir='ltr'>n*</span> <span class='ocrx_word' id='word_1_544' title='bbox 1684 2579 1836 2612; x_wconf 82' lang='lat' dir='ltr'>scribunt.</span> 
     </span>
    </p>
   </div>
   <div class='ocr_carea' id='block_1_5' title="bbox 1316 2618 1611 2669">
    <p class='ocr_par' dir='ltr' id='par_1_5' title="bbox 1316 2618 1611 2669">
     <span class='ocr_line' id='line_1_42' title="bbox 1316 2618 1611 2669; baseline 0 0"><span class='ocrx_word' id='word_1_545' title='bbox 1316 2637 1401 2669; x_wconf 73' lang='lat'>59*</span> <span class='ocrx_word' id='word_1_546' title='bbox 1595 2618 1611 2638; x_wconf 81' lang='grc'><em>“</em></span> 
     </span>
    </p>
   </div>
  </div>
 </body>
</html>
