2242 2976
384 252 445 285 DE
465 250 673 285 LITTERIS
694 250 958 287 PHOENlcR.
1001 255 1031 290 ς.
1048 254 1100 284 26.
1116 254 1168 285 27.
1192 249 1374 284 SAMECH
1397 250 1458 283 ΕΤ
1482 250 1562 284 AlN
1586 251 1825 285 LITTERAE.
1871 255 1919 291 39

463 345 548 386 „Ex
575 347 729 389 primaria
757 345 881 390 figura,
911 346 1013 378 cauda
1035 344 1143 388 paullo
1167 346 1270 387 magis
1291 347 1514 378 sinistrorsum
1537 344 1624 377 flexa
1646 351 1751 378 ortum
1775 354 1824 378 est
1845 346 1919 380 Nun

377 409 556 442 „veterum
578 402 801 444 Hebraeorum
832 403 904 444 (no.
927 402 967 443 3)
997 409 1030 434 et
1055 402 1340 434 Samaritanorum.
1390 402 1505 434 Tertia
1529 409 1672 434 veterum
1692 402 1918 435 Hebraeorum

377 482 400 498 „
412 460 508 502 (apud
526 471 604 503 quos
618 470 734 503 magna
750 466 799 491 est
813 460 846 491 in
860 458 920 490 hac
932 457 1040 490 littera
1057 458 1206 499 varietas)
1229 457 1335 500 figura
1359 465 1429 490 orta
1451 465 1499 490 est
1519 470 1561 490 ex
1577 458 1749 501 phoenicia
1772 471 1824 492 no.
1842 463 1871 491 8.
1888 463 1919 499 9,

376 517 509 555 „cauda
530 517 640 548 itidem
663 516 777 548 fortius
798 516 1016 548 sinistrorsum
1042 516 1227 554 incurvata,
1257 521 1290 545 et:
1320 514 1495 546 eorundem
1523 520 1643 557 quarta
1672 517 1819 559 congruit
1848 527 1918 561 cum

375 571 580 615 „phoenicia
603 583 656 604 no.
681 575 731 605 17,
743 575 766 592 ιι

462 627 643 672 „Denique
673 628 714 661 ad
743 628 947 671 phoeniciam
979 637 1029 658 no.
1052 628 1093 659 17
1123 625 1317 658 conferenda
1338 625 1444 669 figura
1466 627 1696 667 Etruscorum,
1726 626 1918 668 Samnitum,

375 706 398 724 ‚,
408 683 584 725 Oscorum,
608 684 735 717 litterae
758 683 790 716 H
817 682 1041 723 fermsimilis,
1070 693 1090 714 a
1113 682 1281 725 phoenicia
1301 684 1335 714 in
1358 693 1397 714 eo
1418 689 1524 715 tamen
1548 684 1752 726 discrepans,
1779 686 1862 727 quod
1884 687 1917 717 in
1984 718 1990 726 N

374 740 575 784 „phoenicia
588 740 676 773 linea
690 751 776 784 genu
792 747 1038 782 repraesentans
1052 739 1252 771 dextrorsum
1268 738 1419 778 inclinat,
1441 740 1475 771 in
1493 739 1638 772 Etruscis
1661 742 1919 774 sinistrorsum.“

1053 834 1154 871 §.26.

834 899 1077 933 samech
1121 901 1376 932 littera.

416 968 508 1000 Haec
535 968 643 1001 littera
671 970 710 1001 ad
741 968 995 1011 dignoscendum
1023 966 1194 1007 facillima,
1225 969 1315 999 cuius
1339 978 1457 999 nomen
1482 974 1550 1010 7720
1572 968 1722 1008 fulcrum
1744 967 1919 1011 significat,

289 1024 347 1057 has
369 1026 571 1067 potissimum
593 1025 691 1057 habet
711 1024 852 1068 figuras:
925 1013 930 1018 ¹

477 1083 492 1097 Ῐ
650 1083 662 1097 2
805 1082 817 1097 Β
943 1082 956 1096 4
1099 1081 1108 1096 ς
1254 1078 1267 1095 fl
1409 1081 1420 1095 ‘l
1555 1079 1566 1094 Β
1743 1081 1755 1096 9

431 1103 1768 1223 ὟᾌᾌΤὛΎᾞΞὝ

289 1249 319 1271 v.
334 1242 433 1281 prim.
455 1238 559 1271 Melit.
584 1242 614 1277 1,
637 1241 668 1269 2.
692 1240 712 1270 3
735 1238 804 1281 (ubi
826 1237 931 1280 figura
953 1236 1131 1280 paullulum
1150 1236 1251 1269 fracta
1275 1244 1456 1280 comparet,
1479 1237 1537 1270 sed
1555 1236 1649 1280 plene
1671 1238 1790 1279 scripta
1809 1237 1920 1269 ductus

289 1294 387 1328 habet
407 1306 503 1338 supra
525 1294 660 1337 pictos),·
683 1306 746 1326 rec.
771 1293 833 1326 Cit.
856 1298 893 1333 2,
917 1297 945 1325 1.
969 1296 1019 1332 15,
1041 1298 1072 1326 4.
1095 1297 1146 1332 29,
1169 1293 1208 1326 cf.
1231 1295 1327 1325 etiam
1351 1293 1414 1329 Cit.
1438 1297 1469 1332 8,
1491 1293 1550 1326 lin.
1572 1298 1593 1325 4
1614 1293 1683 1336 (ubi
1705 1293 1811 1336 figura
1827 1299 1920 1325 sexta

289 1359 322 1384 et
343 1358 456 1384 octava
477 1350 613 1383 samech
644 1357 711 1390 est,
743 1352 799 1382 vix
830 1351 964 1381 duarum
987 1348 1165 1392 litterarum
1189 1349 1336 1391 ligatura)
1366 1358 1398 1382 et
1430 1349 1493 1382 Cit.
1518 1354 1586 1387 31.;
1621 1354 1699 1382 tert.
1723 1350 1782 1381 cit.
1805 1352 1863 1388 23,
1889 1352 1918 1381 3.

289 1411 396 1451 quart.
418 1406 528 1439 Carth.
550 1410 588 1446 9,
612 1410 642 1442 1.
665 1410 767 1450 quint.
790 1405 900 1438 Carth.
923 1409 960 1445 3,
982 1409 1013 1438 4.
1035 1410 1121 1437 sext.
1142 1405 1245 1437 Melit.
1265 1410 1305 1445 4,
1329 1409 1359 1439 2.
1384 1405 1490 1449 Tugg.
1516 1406 1556 1438 cf.
1580 1417 1637 1438 vas
1660 1406 1807 1438 Panorm.
1838 1410 1918 1447 sept.

289 1474 331 1496 ex
353 1475 440 1496 num.
464 1462 556 1496 Tars.
579 1464 686 1506 (quem
706 1474 769 1494 non
794 1463 879 1503 dedi)
904 1463 988 1510 inter
1009 1461 1134 1494 litteras
1154 1461 1333 1500 solitarias;
1365 1467 1428 1494 oct.
1453 1464 1552 1494 inscr.
1570 1462 1690 1504 phoen.
1713 1469 1840 1505 aegypt.
1864 1473 1917 1494 no.

289 1523 342 1559 6⁷,
364 1531 439 1554 non.
461 1519 580 1552 Athen.
606 1523 643 1559 1,
664 1518 721 1551 lin.
746 1522 774 1551 1.
798 1517 922 1561 Tripol.
945 1521 981 1556 2,
1006 1518 1036 1550 2.

462 1590 613 1633 „Figura
632 1589 759 1622 litterae
781 1588 893 1631 Sigma
916 1587 998 1630 apud
1016 1586 1159 1619 Graecos
1183 1594 1308 1619 veteres
1330 1594 1401 1619 orta
1421 1595 1470 1620 est
1491 1598 1533 1620 ex
1556 1587 1693 1619 Samech
1723 1587 1918 1619 Phoenicum

372 1646 498 1690 „pleno
526 1645 583 1678 illo
613 1653 645 1678 et
671 1645 816 1688 legitimo
841 1655 893 1676 no.
919 1647 955 1683 1,
986 1644 1091 1675 forma
1116 1642 1174 1675 illa
1202 1644 1374 1676 admodum
1404 1645 1580 1687 composita
1614 1651 1645 1676 et
1675 1643 1832 1686 perplexa
1860 1655 1919 1687 pro

374 1703 513 1743 „sobria
536 1702 731 1734 Graecorum
754 1701 914 1744 elegantia
935 1701 973 1732 ad
998 1700 1165 1742 pauciores
1192 1707 1224 1731 et
1247 1700 1460 1743 simpliciores
1485 1702 1597 1733 ductus
1619 1708 1778 1732 revocata.
1791 1704 1814 1720 “

459 1758 661 1801 „Explicatu
681 1757 841 1790 difficilior
864 1758 965 1789 videri
994 1757 1098 1799 possit
1127 1757 1219 1799 origo
1240 1756 1364 1799 figurae
1387 1758 1558 1800 quadratae
1580 1757 1661 1800 (ο),
1691 1757 1731 1789 de
1753 1769 1815 1800 qua
1836 1757 1921 1789 infra

373 1817 545 1855 „diximus
570 1817 598 1854 §.
622 1818 680 1853 53,
700 1818 722 1846 4
745 1814 784 1846 de
807 1812 978 1856 alphabeto
999 1811 1192 1854 Palmyreno
1215 1813 1422 1855 disputantes.
1432 1817 1454 1833 “

1046 1907 1159 1944 §.27.

887 1975 1004 2007 Ain
1057 1974 1313 2006 littera.

414 2054 522 2086 Etiam
545 2037 625 2083 haec
646 2050 771 2090 littera,
800 2052 890 2083 cuius
912 2051 1064 2094 primaria
1086 2048 1191 2092 figura
1213 2051 1335 2082 oculum
1358 2052 1449 2095 (37³2)
1471 2050 1633 2094 depingit,
1664 2050 1727 2083 sibi
1748 2053 1916 2084 admodum

287 2117 411 2144 constat
432 2111 465 2142 in
489 2109 704 2142 monumentis
727 2114 758 2139 et
781 2107 934 2140 facillime
957 2107 1153 2150 agnoscitur.
1198 2105 1317 2139 Nativa
1340 2109 1409 2140 eius
1430 2106 1536 2151 figura
1558 2116 1607 2141 est

1059 2176 1119 2235 Ο

286 2261 322 2292 iu
353 2259 496 2291 omnium
527 2263 667 2289 aetatum
697 2263 729 2288 et
761 2257 931 2298 regionum
958 2256 1176 2286 monumentis
1204 2254 1432 2298 perfrequens,
1469 2262 1504 2288 ut
1526 2256 1623 2287 inscr.
1646 2255 1751 2288 Melit.
1781 2259 1809 2287 1.
1834 2258 1864 2287 3.
1889 2259 1919 2286 4.

287 2314 350 2348 Cit.
368 2319 393 2347 1.
410 2318 437 2347 5.
452 2317 479 2347 7.
496 2317 545 2346 11.
565 2317 614 2345 12.
636 2315 685 2345 13.
705 2316 755 2345 14.
771 2315 820 2344 15.
844 2314 893 2343 16.
918 2313 968 2342 17.
994 2313 1044 2342 18.
1067 2314 1108 2342 20
1128 2310 1168 2343 al.
1192 2310 1324 2343 Numid.
1351 2314 1460 2351 147,
1489 2323 1576 2344 num.
1602 2313 1705 2344 Laod.
1728 2311 1805 2343 Ace.
1829 2310 1918 2342 Cilic.

261 2396 263 2400 s
287 2372 312 2405 Ι.
332 2371 375 2404 Ν.
405 2370 512 2404 Gadit.
541 2369 639 2412 Ting.
667 2368 752 2401 Abd.
792 2367 892 2400 Iubae
923 2368 1072 2405 maioris,
1110 2367 1224 2406 Sabr.‚
1262 2379 1443 2411 quanquam
1473 2368 1526 2400 hic
1554 2368 1622 2400 illic
1651 2370 1756 2400 minus
1786 2369 1919 2399 dextere

286 2428 467 2471 insculpta,
510 2426 674 2470 angularis
711 2426 813 2468 magis
849 2435 942 2467 quam
980 2424 1135 2463 rotunda,
1176 2424 1335 2468 siquidem
1364 2426 1518 2457 rotundae
1548 2424 1670 2467 figurae
1700 2415 1920 2466 sculptoribus

289 2486 450 2528 negotium
473 2483 579 2515 facere
602 2481 769 2521 solebant,
802 2480 889 2512 velut
1093 2472 1095 2474 ¹

1057 2573 1122 2620 O
