2242 2976
369 251 416 288 15
796 246 927 280 LIBER
949 246 1125 281 PRIMUS.
1167 246 1315 280 CAPUT
1338 247 1554 282 TERTIUM.

495 342 537 374 Et
557 341 648 384 plura
669 341 764 372 etiam
785 341 925 372 admissa
946 340 979 371 in
1001 339 1082 379 hoc,
1110 341 1195 383 quod
1215 340 1398 373 Dialem:
1419 341 1523 380 dedit,
1544 339 1749 384 alphabetum
1772 340 1988 384 phoenicium,

369 399 521 431 Punicum
548 405 579 429 et
601 396 888 439 Siculo-punicum
919 407 960 428 ex
993 398 1098 428 numis
1126 398 1350 429 concinnatum
1374 398 1521 439 notisque
1544 395 1735 429 illustratum
1757 397 1991 441 (Explication

371 455 428 487 des
449 454 615 487 me'daillee
636 465 668 496 p.
684 453 751 493 92),
777 458 810 483 et
831 453 958 495 repetiit
979 452 1013 485 J.
1035 452 1080 485 D.
1102 452 1282 486 Michaelis
1302 454 1336 484 in
1358 452 1447 485 Bibe.
1470 456 1589 486 orient.
1613 452 1706 492 vm,
1728 463 1758 496 p.
1778 456 1828 486 ¹⁷.
1859 453 1990 486 Etenim

370 512 430 543 sub
454 510 559 542 littera
582 508 706 542 Daleth
729 507 822 550 plura
851 516 925 540 sunt
953 510 1066 551 signa,
1096 519 1177 552 qnae
1205 508 1303 552 Koph
1330 516 1420 546 sunt;
1453 509 1515 541 sub
1539 509 1593 542 I-le
1621 508 1768 541 ultimum
1791 511 1920 552 signum
1943 516 1994 543 est

370 567 487 604 Schin3
510 577 589 609 quae
607 564 666 596 sub
682 563 773 606 Caph
789 567 957 604 notantur,
979 572 1044 596 tres
1066 566 1189 608 priores
1203 564 1327 608 figurae
1343 572 1417 598 sunt
1435 564 1560 605 Gtmel,
1586 566 1698 608 quinta
1710 564 1782 597 Tau
1797 565 1991 604 africanum3

371 624 430 654 sub
453 620 587 654 Samech
611 619 689 663 figg.
710 624 730 652 2
755 626 787 652 et
809 623 828 652 3
850 628 925 653 sunt
946 619 1027 658 Jod3
1055 631 1184 660 omnes,
1214 632 1294 664 quae
1317 621 1378 654 sub
1398 621 1494 664 Koph
1524 623 1718 664 pinguntur,
1748 621 1892 665 figurae,
1920 628 1995 655 sunt

370 678 492 721 Aleph;
514 677 575 709 sub
596 676 695 708 Schin
717 676 796 719 figg.
819 679 840 709 6
861 684 894 708 et
915 680 935 709 7
955 684 1030 709 sunt
1051 676 1131 716 Ta,
1154 688 1236 720 quae
1255 677 1362 710 littera
1382 679 1415 710 in
1439 677 1496 710 illo
1518 677 1687 720 alphabeto
1710 677 1804 721 plane
1825 677 1926 710 deest.

496 747 547 779 Ex
563 745 632 778 solo
649 745 886 788 Bmfflelemyo,
908 753 942 778 ut
956 747 1093 786 videtur,
1109 746 1314 790 profecerunt
1336 747 1411 780 Chr.
1431 747 1533 781 Willa.
1547 747 1692 780 Bamer
1705 747 1996 792 (Verglet'chungv-

371 805 479 845 tql'eln
505 804 565 835 der
592 801 822 842 Schriftarten
850 802 1101 835 verechiedener
1137 803 1263 835 Valker.
1307 807 1344 835 2s
1374 803 1493 843 Stiick,
1523 803 1699 847 Gottingen
1730 805 1831 843 1779,
1861 803 1926 837 tab.
1949 800 1996 846 2),

370 863 459 893 cuius
481 858 653 902 alphabeta
676 870 789 890 recusa
811 858 851 890 ab
873 858 1090 897 Eichhornio,
1120 857 1281 891 Michaele
1313 858 1448 903 aliisque
1476 860 1594 903 diuque
1616 866 1686 891 rata
1708 867 1782 892 sunt
1803 859 1936 899 11011110,-
1963 866 1998 893 et

371 918 562 959 Mionnetur
585 913 731 954 (Recueil
747 914 803 946 des
818 914 975 946 Planches
998 913 1042 956 pl.
1061 913 1214 955 xxvi),
1237 916 1270 946 in
1292 926 1355 958 quo
1373 917 1471 948 01111111
1493 922 1584 948 vetus
1599 923 1761 959 comparet
1777 915 1998 958 Bartbelemyi

371 988 460 1008 error
479 978 542 1007 iam
557 986 577 1006 a
591 973 717 1015 Bayero
741 981 868 1005 notatus
891 981 922 1004 et
943 973 984 1005 ab
1007 973 1076 1015 ipso
1094 972 1320 1015 Barthelemyo
1343 981 1452 1016 postea
1475 974 1679 1014 emendatus,
1712 986 1775 1018 qno
1795 966 1847 1009 Ἥ
1869 973 1997 1017 (8011111)

372 1033 424 1065 He
447 1042 518 1064 esse
541 1031 701 1062 statuitur.

499 1100 594 1139 Quod
616 1099 771 1142 Koppiue
792 1099 1011 1138 concinnavit,
1032 1097 1238 1141 alphabetum
1262 1098 1393 1139 (Bilder
1414 1101 1482 1132 und
1502 1099 1675 1140 Schriften
1704 1099 1753 1139 11,
1782 1102 1995 1142 215-218),

373 1171 413 1192 ex
437 1160 477 1190 iis
499 1164 623 1189 tantum
644 1156 858 1188 monumentis
879 1156 1007 1187 ductum
1029 1161 1089 1193 est,
1113 1165 1193 1198 quae
1215 1154 1362 1198 Koppius
1384 1157 1452 1199 ipse
1474 1157 1569 1189 modo
1592 1163 1791 1189 tractaverat.
1837 1155 1943 1189 Multa
1963 1155 1999 1189 id

374 1217 517 1250 continet
543 1213 626 1246 bene
655 1218 748 1254 atque
782 1211 902 1243 utiliter
935 1219 968 1242 et
1005 1210 1139 1243 collecta
1170 1217 1202 1242 et
1241 1211 1427 1244 observata:
1463 1211 1617 1244 nonnulla
1651 1219 1755 1244 tamen
1785 1213 1920 1252 vitiosa,
1954 1222 1999 1250 ex

373 1301 413 1322 eo
436 1294 548 1331 postea
569 1285 690 1318 centies
712 1285 855 1325 repetita.
899 1283 968 1316 Sub
983 1283 1060 1316 Sain
1083 1285 1225 1327 pingitur
1244 1283 1349 1327 figura
1371 1268 1429 1342 q-
1452 1295 1494 1317 ex
1514 1284 1633 1318 Athen.
1656 1289 1694 1325 1,
1729 1285 1784 1317 ubi
1808 1284 1854 1317 nil
1876 1283 1941 1317 tale
1963 1285 1999 1318 in

374 1373 548 1399 marmore;
570 1361 629 1394 sub
652 1359 715 1392 Ain
738 1365 787 1390 est
807 1357 912 1400 figura
934 1346 1007 1396 ,D
1038 1370 1081 1391 ex
1110 1360 1217 1391 numis
1240 1358 1521 1399 Marathensibus,
1556 1371 1638 1402 quae
1659 1359 1741 1392 Beth
1766 1368 1815 1393 est
1835 1361 1998 1393 inversum

374 1424 461 1465 (vide
484 1422 523 1453 ad
546 1420 607 1452 hos
630 1418 778 1459 numos);
807 1416 867 1448 sub
895 1416 963 1449 Phe
994 1419 1099 1460 prima
1126 1417 1231 1460 figura
1260 1429 1302 1450 ex
1326 1417 1388 1451 Cit.
1407 1422 1465 1458 ¹0,
1486 1418 1542 1450 lin.
1562 1421 1582 1451 3
1607 1419 1709 1461 petita
1729 1425 1778 1451 est
1798 1417 1870 1459 He,
1900 1429 1997 1463 quum

372 1480 499 1512 litterae
525 1477 591 1508 Phe
614 1487 634 1506 a
659 1474 785 1516 Koppio
807 1483 909 1514 paene
931 1475 1097 1515 ignoratae
1120 1472 1214 1515 plane
1237 1472 1300 1505 alia
1321 1476 1402 1506 ratio
1425 1476 1474 1506 sit.

502 1544 694 1577 Litterarum
724 1540 833 1573 tabula
861 1552 881 1572 a
900 1541 1147 1584 Michelangelo
1169 1542 1280 1575 Lanca·
1306 1544 1360 1585 (de
1387 1544 1498 1587 lapide
1530 1543 1861 1586 Carpentoractemt,
1890 1543 1955 1576 tab.
1976 1555 1995 1576 e

376 1605 508 1646 regione
529 1599 612 1632 tituli
635 1596 750 1641 posita)
772 1598 980 1637 concinnata,
1009 1605 1165 1640 quatenus
1193 1609 1235 1630 ex
1264 1601 1480 1632 monumentis
1508 1600 1602 1632 editis
1630 1600 1794 1642 depromta
1820 1607 1890 1640 est,
1917 1602 1997 1633 satis

376 1659 475 1703 proba
497 1663 546 1688 est
568 1662 599 1686 et
621 1653 799 1691 emendata,
822 1660 947 1694 praeter
962 1654 1042 1685 duas
1058 1653 1188 1696 figuras,
1210 1665 1291 1697 quae
1312 1655 1372 1688 sub
1387 1656 1465 1688 Sain
1490 1655 1596 1688 littera
1616 1663 1816 1699 comparent:
1841 1663 1998 1699 quatenus

375 1727 416 1748 ex
440 1713 570 1746 ineditis
598 1711 641 1754 (i.
663 1721 692 1742 e.
725 1708 828 1741 Melit.
859 1716 966 1741 nostra
996 1720 1048 1741 no.
1078 1711 1109 1742 3.
1137 1710 1194 1751 4),
1227 1712 1333 1744 minus
1355 1713 1510 1756 castigata
1531 1719 1581 1744 est
1614 1713 1664 1755 (v.
1691 1712 1752 1744 sub
1775 1711 1857 1751 Tet,
1885 1711 1997 1755 Koph,

377 1783 480 1824 Tau):
505 1787 682 1823 quanquam
704 1776 765 1808 1100
787 1775 868 1808 110110
890 1775 1073 1809 observavit
1085 1777 1240 1817 Lancius,
1263 1767 1330 1836 ΡΙ]
1353 1776 1456 1810 Melit.
1477 1780 1515 1818 3,
1535 1777 1594 1812 lin.
1618 1782 1634 1811 1
1658 1789 1754 1811 unam
1772 1790 1845 1837 esse
1858 1778 1997 1812 litteram

375 1851 454 1893 (imo
478 1859 553 1880 vero
576 1845 682 1884 Mem,
706 1855 768 1876 nou
789 1843 951 1885 Samech).
982 1891 986 1894 ι

504 1915 707 1950 Hamakerue
729 1912 818 1956 plura
841 1912 1013 1956 alphabeta
1035 1915 1255 1954 concinnavit,
1286 1915 1348 1947 duo
1372 1916 1405 1946 in
1428 1915 1591 1954 dtatrn‘be,
1615 1914 1751 1948 alterum
1773 1927 1815 1948 ex
1836 1915 1998 1959 lapidibus

378 1973 620 2008 Humbertianis
643 1972 707 2012 (no.
727 1969 897 2011 tto—49),
920 1968 1053 2009 alterum
1075 1980 1117 2001 ex
1136 1971 1344 2013 inscriptione
1366 1970 1528 2014 Borgiana
1550 1977 1662 2013 (nostr.
1684 1982 1735 2003 no.
1757 1972 1828 2013 56):
1850 1971 1942 2014 plura
1963 1973 1998 2004 in

378 2029 618 2066 Miscellaneis,
647 2026 917 2068 Carthaginense,
948 2024 1159 2068 zeugitanum
1189 2025 1455 2067 (Numidicum),
1484 2026 1675 2067 Melitense,
1703 2027 1911 2070 Leptitanum
1939 2027 1997 2066 al.;

380 2089 436 2121 sed
470 2088 503 2118 in
533 2085 584 2116 his
605 2084 682 2125 ipsis
705 2080 882 2125 alphabetis
904 2088 935 2112 et
958 2082 991 2112 in
1014 2081 1191 2114 litterarum
1212 2090 1367 2125 potestate
1389 2082 1473 2115 male
1496 2083 1629 2116 definita
1649 2084 1851 2127 primariam,
1881 2085 1910 2116 si
1931 2095 1996 2116 non

379 2145 505 2175 unicam
525 2150 652 2172 causam
675 2145 781 2170 tantae
803 2139 836 2169 in
858 2138 1103 2180 interpretandis
1125 2138 1176 2170 his
1198 2141 1414 2172 monumentis
1433 2138 1628 2172 infelicitatis
1650 2150 1742 2179 etse,
1774 2141 1839 2172 iam
1871 2141 1999 2183 saepius

379 2201 530 2232 diximus.
577 2196 720 2227 Swinton
736 2201 820 2226 recte
835 2193 955 2237 legere,
977 2201 1063 2225 recte
1085 2193 1167 2226 lecta
1187 2202 1293 2226 autem
1315 2194 1399 2227 male
1420 2197 1622 2238 interpretari
1635 2195 1770 2236 solebat,
1793 2195 1999 2229 Hamnkem·

382 2262 492 2288 contra
521 2257 723 2284 monumenta
751 2261 863 2282 recens
892 2251 1015 2282 detecta
1042 2258 1169 2293 propter
1198 2250 1397 2284 characteres
1428 2263 1576 2295 magnam
1603 2259 1725 2295 partem
1754 2253 1892 2295 ignotosv
1913 2251 1999 2284 male

381 2310 519 2354 legebat,
541 2318 622 2351 quae
643 2308 689 2338 ita
700 2306 783 2338 lecta
798 2317 838 2337 ne
853 2305 996 2348 Oedipus
1012 2307 1140 2349 quidem
1155 2308 1394 2350 interpretetur.
1435 2307 1487 2340 De
1503 2308 1673 2351 alp'habeto
1695 2319 1737 2341 ex
1755 2308 1999 2341 Humbertianis

383 2367 478 2399 ducto
493 2364 578 2397 infra
594 2364 735 2396 dicemus
750 2362 808 2394 lib.
822 2361 864 2401 ll,
887 2373 940 2394 no.
955 2366 1007 2402 46,
1030 2364 1069 2395 de
1083 2363 1246 2407 Borgiano
1261 2364 1301 2395 ad
1316 2374 1368 2395 no.
1384 2366 1435 2404 56,
1460 2365 1499 2396 110
1515 2364 1693 2408 Zeugitana
1705 2371 1812 2397 autem
1828 2360 1999 2407 alphabeto

382 2424 514 2465 (rectius
521 2418 710 2462 Numidico)
725 2418 818 2450 nobis
834 2425 943 2461 aperte
957 2420 1125 2452 dicendum
1140 2428 1198 2460 est,
1214 2420 1297 2462 quod
1311 2430 1362 2452 res
1377 2427 1435 2458 est,
1450 2422 1578 2453 nonnisi
1591 2431 1818 2464 perpaucarum
1832 2422 1901 2452 eins
1915 2419 2000 2452 litte-

385 2489 491 2511 rarnm
507 2482 694 2519 potestatem
710 2482 796 2507 recte
811 2473 974 2506 definitam
995 2486 1066 2507 esse
1077 2498 1086 2514 ,
1113 2476 1173 2508 sub
1189 2475 1348 2519 plerisque
1366 2475 1481 2509 litteris
1497 2487 1679 2520 comparere
1694 2475 1835 2519 figuras,
1864 2487 1945 2520 quae
1957 2477 2000 2509 ad

386 2535 476 2577 plura
489 2543 588 2576 eaque
601 2532 818 2564 diversissima
831 2529 989 2563 elementa
1001 2533 1188 2573 pertineant.
1209 2531 1276 2568 Sub
1286 2531 1411 2564 Daletla
1426 2533 1507 2565 duae
1516 2532 1639 2576 figurae
1655 2539 1848 2576 comparent,
1864 2543 1999 2577 quarum

388 2602 452 2623 una
466 2596 515 2622 est
528 2587 645 2628 Resch,
659 2587 759 2620 altera
772 2586 887 2631 Koph;
902 2587 961 2620 sub
975 2587 1030 2620 He
1044 2587 1099 2631 fig.
1116 2591 1131 2620 1
1148 2595 1197 2620 est
1210 2587 1309 2630 Caph,
1324 2587 1378 2632 fig.
1393 2592 1412 2621 2
1427 2591 1487 2629 §af
1497 2588 1554 2632 fig.
1565 2592 1585 2622 3
1604 2590 1712 2633 spuria
1726 2590 1880 2632 quaedam
1895 2590 2000 2622 forma
