2242 2976
299 266 321 287 :e
363 258 402 286 ⁴.
599 253 964 288 ‘SINSCBIPTIONES
987 253 1389 287 CARTHAGINENSES
1419 253 1548 286 l-iv.
1692 259 1695 262 ’
1814 257 1886 294 169

259 349 471 384 salutabatur.
517 348 687 391 Templum
710 348 789 381 illud
807 348 903 391 longe
927 349 1187 391 augustissimum
1202 354 1234 378 et
1249 346 1553 389 splendidissimum,
1574 359 1661 380 anno
1676 349 1803 382 deinum
1821 355 1878 383 421

258 418 290 450 p.
314 405 391 438 Chr.
414 418 446 437 n.
476 405 571 448 plane
601 406 758 444 dirutum,
790 405 830 436 de
850 416 913 448 quo
934 404 1026 436 locus
1054 403 1226 447 singularis
1255 411 1304 435 est
1328 406 1411 446 apud
1440 405 1632 447 Prosperum
1659 405 1883 448 Aquitanicum

257 462 360 506 (Opp.
382 462 440 502 111,
465 474 494 505 p.
518 465 575 494 38:
610 462 707 504 Apud
728 461 874 494 Africam
895 460 1084 503 Carthagini
1111 460 1272 492 coelectis
1297 462 1404 492 inesse
1433 461 1580 493 ferebant
1612 462 1764 504 templum
1788 464 1884 495 nimis

258 519 418 562 amplum,
456 522 593 551 omnium
624 519 756 550 deorum
783 528 910 550 suorum
940 517 1076 548 aedibus
1105 518 1278 555 vallatum,
1314 517 1540 560 cuiusiplatea
1568 517 1765 558 lithostrata,
1797 521 1884 561 pavi-

258 578 374 608 mentis
407 583 439 608 et
468 577 618 618 pretiosis
655 574 812 607 columnis
842 581 874 606 et
903 573 1073 606 moenibus
1104 574 1274 612 decorata,
1310 583 1416 616 prope
1439 578 1475 605 iu
1497 575 1619 606 duobus
1639 575 1723 614 fere
1742 576 1884 609 millibus

253 643 409 675 passuum
425 631 728 674 protendebatur),
761 631 847 662 haud
870 631 937 662 scio
961 641 1002 661 an
1022 630 1107 661 idern
1131 631 1191 668 sit,
1221 630 1304 672 quod
1329 637 1551 671 repraesentat
1565 642 1680 663 numus
1696 633 1774 664 satis
1788 640 1884 665 notus

259 690 307 731 (v.
322 688 458 721 'Eckhel
481 689 581 720 doctr.
604 698 691 719 num.
714 686 775 726 IV,
797 699 828 730 p.
849 690 918 719 138.
940 686 1054 728 Bayer
1069 687 1102 717 in
1113 687 1289 729 palaeogr.
1306 685 1449 718 Studien
1470 687 1533 718 tab.
1550 686 1597 718 111
1614 697 1667 719 no.
1682 687 1734 729 2),
1761 688 1884 722 Veneri

259 744 506 788 Carthaginensi
527 746 723 787 inscriptus,
758 755 852 786 quam
874 743 1020 775 dedimus
1050 741 1114 774 tab.
1143 750 1254 774 nostra
1277 745 1317 774 16
1339 742 1399 774 litt.
1423 754 1449 775 c.
1499 742 1564 774 Vel
1587 754 1628 774 ex
1650 746 1774 786 ingenti
1796 745 1886 778 illius

258 801 370 844 templi
401 803 579 840 „omnium
603 802 736 842 deorum
761 799 894 831 aedibus
915 799 1026 831 vallati
1036 802 1057 819 “
1089 800 1277 831 auctoritate
1303 807 1450 841 apparet,
1486 800 1565 830 deae
1587 798 1744 832 Caelestis
1764 812 1883 834 numen

258 860 411 897 omnium,
436 869 516 900 quae
532 857 727 900 Carthagine
742 855 940 895 colebantur,
960 857 1197 888 sanctissimum
1215 862 1246 886 et
1262 867 1448 898 supremum
1463 855 1607 887 habitum
1623 867 1710 888 esse:
1734 858 1882 900 idemque

257 914 396 947 efficitur
419 916 541 957 insigni
562 914 624 946 hoc
646 913 795 955 Apuleji,
818 914 920 955 ipsius
938 912 1028 950 Afri,
1051 911 1123 944 loco
1146 912 1382 954 (Metamorph.
1399 912 1450 944 XI
1465 923 1493 954 p.
1509 915 1572 944 257
1587 911 1692 955 Bip.),
1717 913 1773 945 ubi
1788 915 1882 947 Luna

257 971 301 1012 (i.
322 981 350 1002 e.
373 972 434 1003 dea
456 970 634 1012 Caelestis)
654 969 848 1012 appellatur:
878 975 985 1007 rerum
1007 967 1131 1000 Natura
1152 979 1296 1010 parens,
1323 968 1554 1000 elementorum
1577 971 1719 1001 omnium
1742 971 1883 1011 domina,

258 1026 438 1059 seculorum
468 1028 638 1070 progenies
666 1024 820 1063 initialis,
837 1029 840 1032 '
858 1035 979 1055 summa
1006 1028 1188 1063 numinum,
1231 1025 1346 1066 regina
1374 1026 1534 1063 manium,
1566 1028 1678 1067 prima
1712 1027 1882 1068 Caelitum,

258 1085 392 1117 deorum
424 1086 616 1125 dearumque
644 1083 744 1114 facies
773 1081 942 1113 uniformis
965 1103 1037 1112 .....
1061 1082 1151 1112 cuius
1177 1091 1294 1111 numen
1318 1081 1447 1112 unicum
1471 1080 1659 1113 multiformi
1681 1085 1798 1124 specie,
1821 1086 1885 1116 ritu

258 1143 369 1180 vario,
394 1143 521 1173 nomine
537 1139 718 1182 multiiugo,
741 1145 826 1170 totus
842 1144 1012 1168 veneratur
1027 1137 1126 1169 orbis.
1149 1156 1191 1162 —-
1213 1135 1287 1174 Quo
1302 1147 1342 1168 ea
1355 1137 1442 1168 cultu
1456 1139 1620 1180 proposita
1635 1138 1741 1178 fuerit,
1762 1140 1885 1172 scilicet:

258 1197 347 1230 leoni
374 1199 518 1230 insidens
547 1203 641 1238 atque
670 1194 793 1227 fulmen
820 1205 915 1225 manu
947 1202 1078 1232 tenens,
1109 1201 1175 1225 tum
1197 1195 1281 1225 idem
1306 1193 1467 1235 Apulejus
1496 1195 1590 1226 docet
1619 1194 1683 1226 alio
1713 1189 1799 1227 loco¹
1818 1197 1885 1239 (VI

261 1265 291 1296 p.
310 1258 367 1285 121
386 1253 457 1296 Bip.
501 1253 623 1295 Magna
644 1252 731 1284 Iovis
754 1262 906 1294 germana
929 1257 961 1282 et
982 1252 1138 1293 coniuga,
1162 1251 1230 1282 sive
1253 1257 1287 1281 tu
1310 1250 1418 1289 Sami,
1446 1251 1515 1281 sive
1538 1252 1645 1282 celsae
1669 1251 1886 1295 Carthagini-s·

261 1321 343 1353 quae
372 1316 403 1341 te
434 1311 592 1352 virginem
615 1315 743 1340 vectura
765 1307 868 1339 leonis
893 1306 983 1339 coelo
1006 1314 1237 1338 commeantem
1261 1306 1410 1348 percolit,
1440 1306 1550 1338 beatas
1572 1308 1666 1339 sedes
1688 1308 1884 1351 frequentas,

260 1366 300 1399 cf.
322 1366 420 1398 Dion.
441 1369 499 1405 79,
526 1369 576 1397 12.
611 1365 733 1396 Herod.
756 1367 793 1402 5,
816 1365 875 1405 6),
910 1370 977 1395 tum
1007 1364 1096 1394 numi
1125 1363 1237 1394 Severi
1266 1369 1298 1393 et
1328 1362 1529 1402 Caracallae,
1568 1365 1698 1395 natione
1718 1363 1884 1407 Afrorum,

259 1423 352 1455 deam
374 1423 762 1465 imperatorum-patriam>
781 1431 820 1451 eo
843 1431 936 1463 quem
958 1421 1099 1451 diximus
1129 1418 1214 1451 cultu
1243 1426 1518 1461 repraesentantes
1550 1420 1599 1459 (v.
1623 1420 1686 1452 tab.
1705 1424 1755 1460 16,
1779 1421 1841 1454 litt.
1866 1433 1885 1454 a

259 1478 455 1512 ‹if-«Eckhel
484 1480 584 1510 doctr.
616 1489 703 1509 num.
737 1477 804 1509 vn
824 1488 855 1518 p.
878 1478 948 1508 183.
971 1477 1067 1517 204),
1104 1483 1169 1507 tum
1194 1476 1330 1517 denique
1353 1487 1517 1517 gemmae,
1553 1477 1687 1507 eandem
1710 1476 1884 1519 imaginem

260 1535 469 1573 exhibentes,
499 1545 632 1577 quarum
656 1539 752 1566 unam
777 1533 860 1574 (tab.
879 1536 920 1564 16
942 1532 1001 1563 litt.
1021 1532 1060 1573 b)
1085 1533 1228 1563 dedimus
1253 1543 1296 1563 ex
1317 1531 1481 1563 Muenteri
1502 1531 1586 1563 libro
1607 1531 1737 1564 laudato
1760 1533 1842 1575 (tab.
1867 1539 1881 1566 1

261 1603 324 1624 nos
340 1595 378 1624 13
409 1592 450 1623 cf.
473 1603 501 1633 p.
523 1594 575 1623 70.
598 1590 699 1632 167),
728 1589 860 1621 alteram
891 1588 978 1630 (tab.
1001 1591 1041 1619 16
1063 1587 1123 1619 litt.
1148 1588 1186 1629 d)
1215 1589 1366 1619 ineditam
1398 1588 1439 1619 ad
1461 1587 1642 1630 exemplum
1667 1591 1770 1620 musei
1792 1589 1887 1633 Regii

260 1648 493 1681 Berolinensis'
527 1648 578 1689 (v.
617 1646 855 1679 Winkelmann
891 1644 1084 1687 description
1124 1645 1181 1676 des
1219 1645 1340 1686 pierres
1379 1644 1515 1686 gravees
1554 1643 1648 1675 class.
1690 1648 1704 1676 1
1747 1657 1799 1677 no.
1837 1651 1886 1678 14.

262 1704 391 1737 Tolken
429 1703 564 1746 Catalog
606 1705 662 1735 der
702 1702 943 1745 geschnitteuen
983 1701 1093 1732 Steine
1130 1700 1223 1733 class.
1259 1712 1314 1732 no.
1355 1703 1426 1732 186.
1485 1701 1656 1732 Praeterea
1690 1701 1780 1732 multi
1812 1711 1889 1735 sunt

263 1770 389 1793 veteres
425 1762 463 1792 de
487 1762 638 1792 ‘eximiae
674 1761 751 1791 artis
780 1760 951 1801 magnique
991 1759 1082 1799 pretii
1122 1757 1193 1789 velo
1229 1768 1406 1800 purpureo,
1451 1767 1514 1798 quo
1555 1756 1646 1788 Deae
1682 1756 1888 1792 simulacrum

263 1817 532 1855 velatunrfuerit,
556 1818 646 1847 cuius
667 1817 794 1858 generis
819 1814 889 1845 vela
911 1816 1007 1845 etiam
1028 1816 1062 1845 in
1083 1813 1157 1846 aliis
1179 1814 1317 1846 Iunonia
1342 1813 1504 1846 Caelestis.
1523 1813 1649 1854 templis
1671 1822 1889 1848 memorantur

263 1876 313 1915 (v.
337 1872 481 1905 Trebell.
504 1872 642 1905 Pollsin
667 1871 749 1904 Cels.
771 1871 890 1902 Athen.
912 1870 991 1909 ΧΠ,
1010 1872 1061 1902 58.
1094 1870 1226 1902 Aristot.
1250 1869 1364 1901 mirab.
1389 1869 1524 1901 auscult.
1545 1881 1571 1900 c.
1588 1870 1660 1911 99):
1691 1871 1731 1901 de
1754 1882 1889 1914 magnae

263 1931 462 1963 auctoritatis
490 1928 620 1960 oraculo
647 1930 681 1960 in
707 1927 825 1970 templo
855 1927 1010 1959 Caelestis
1039 1925 1196 1970 (Capitol.
1221 1925 1323 1959 Macr.
1346 1929 1364 1958 3
1388 1934 1420 1958 et
1441 1927 1559 1958 P'ertin.
1584 1937 1611 1957 c.
1630 1927 1671 1968 4)
1697 1928 1737 1959 de
1758 1927 1891 1960 lotioni-

263 1988 325 2020 bus
346 1987 577 2024 Deaezzsacrm
615 1986 653 2016 de
677 1985 855 2027 virginibus
877 1984 1014 2026 denique
1036 1985 1069 2015 in
1092 1985 1161 2015 eius
1184 1983 1338 2014 honorem
1362 1983 1541 2024 prostitutis
1564 1983 1666 2025 deque
1695 1985 1890 2026 turpissimis

262 2044 349 2076 ludis
379 2045 409 2074 ei
439 2042 592 2075 exhibitis
617 2042 770 2084 (August.
794 2042 853 2072 civ.
877 2041 929 2072 dei
957 2044 995 2078 2,
1024 2043 1055 2072 3.
1085 2038 1226 2071 Salvian.
1259 2040 1298 2070 de
1321 2038 1607 2082 gubern..Dei-7,
1641 2040 1712 2082 16).
1756 2040 1888 2073 Baalem

264 2100 409 2134 solarem
435 2100 515 2131 deae
540 2106 687 2136 nostrae,
728 2108 809 2140 quae
831 2097 958 2129 Lunam
980 2095 1262 2138 repraesentabat,
1293 2097 1442 2128 maritum
1467 2095 1517 2127 vel
1540 2103 1624 2127 certe
1648 2095 1704 2128 tali
1727 2097 1891 2129 connubio

266 2158 402 2200 dignum
427 2156 572 2188 habitum
601 2155 720 2193 fuisse,
753 2156 832 2186 satis
861 2161 993 2195 apparet
1022 2164 1063 2184 ex
1093 2163 1212 2184 vesano
1236 2141 1444 2194 Heliogabali
1473 2151 1612 2194 Augusti
1633 2154 1798 2191 instituto,
1837 2154 1892 2195 qui

266 2213 485 2256 nuptiasDei
515 2211 637 2243 Solaria
670 2211 821 2243 Emeseni
852 2217 884 2241 et
913 2209 1050 2241 Veneris
1074 2208 1346 2251 carthaginensis
1374 2208 1496 2240 Romae
1525 2218 1642 2251 magna
1673 2219 1743 2241 cum
1775 2221 1892 2252 pompa

267 2270 441 2303 celebravit
461 2273 512 2309 (v.
537 2268 637 2300 Dion.
654 2275 685 2298 et
699 2267 875 2299 Herodian.
893 2265 924 2297 ll.
940 2267 1023 2307 cc.):
1054 2266 1094 2297 ad
1116 2266 1200 2297 idem
1225 2265 1338 2297 horum
1361 2266 1492 2298 deorum
1514 2265 1710 2297 connubium
1732 2267 1894 2308 pertinent

267 2333 371 2358 autem
396 2327 485 2358 numi
499 2333 531 2357 et
545 2325 771 2366 inscriptiones
785 2323 932 2365 Septimii
948 2323 1075 2360 Severi,
1099 2322 1261 2364 Leptitani
1277 2322 1365 2360 Afri,
1387 2322 1613 2358 Africanorum
1631 2323 1892 2364 superstitionum

267 2383 494 2425 studiosissimi
511 2382 677 2414 sectatoris
700 2381 749 2421 (v.
774 2381 812 2411 ad
830 2378 951 2421 Tripol.
974 2378 1035 2421 1),
1057 2379 1090 2410 in
1110 2378 1225 2423 quibu-s
1244 2380 1304 2421 'pro
1325 2380 1411 2421 turpi
1432 2378 1520 2411 illius
1537 2380 1691 2421 temporis
1710 2376 1893 2410 adulatione

267 2439 431 2482 Augustus
442 2446 479 2470 et
502 2438 649 2480 Augusta
670 2438 771 2468 instat
794 2435 879 2468 Solis
898 2442 931 2467 et
942 2436 1078 2474 Lunae,
1103 2443 1306 2468 aeternorum
1322 2436 1483 2475 siderum,
1507 2442 1799 2477 repraesentantur.
1843 2433 1893 2464 Do

271 2497 374 2528 numis
396 2506 426 2529 v.
442 2494 577 2529 Eckhel.
600 2494 642 2527 D.
659 2492 700 2525 N.
717 2492 784 2525 Vn
807 2504 838 2535 p.
849 2495 932 2531 181,
961 2492 999 2524 cf.
1022 2493 1165 2534 inscript.
1189 2492 1272 2534 apud
1296 2491 1388 2524 Grut.
1412 2492 1470 2531 IV,
1496 2496 1546 2524 17.

304 2576 308 2583 .
337 2568 354 2583 ιι
397 2558 460 2595 ῑπιη
491 2551 686 2595 ‘batth-'35⁸5
717 2550 829 2592 35³2&
871 2553 904 2581 et
938 2548 1064 2582 domino
1096 2553 1226 2588 nostro,
1257 2548 1347 2588 hero,
1378 2549 1469 2581 13an
1489 2549 1679 2581 Hammano.
1733 2544 1894 2593 Suffixum

272 2608 483 2640 additumxest
495 2607 556 2639 soli
574 2607 725 2640 attributo
740 2608 823 2645 ²:2⁴³,
845 2606 927 2649 quod
951 2605 982 2636 h.
999 2604 1021 2636 l.
1037 2617 1083 2648 sq.
1105 2607 1200 2649 genit.
1217 2606 1309 2637 deum
1327 2605 1493 2637 tutelarem
1510 2605 1648 2636 alicuius
1666 2600 1774 2643 populi
1797 2603 1896 2644 signi-

1473 2667 1512 2694 22
