2242 2976
349 246 421 284 178
475 244 608 277 LIBER
622 241 868 276 SECUNDUS.
896 241 1234 274 INSCRIPTIONES
1250 241 1534 276 PHOEMCIAE.
1562 242 1707 276 CAPUT
1719 241 1943 282 QUINTUM.

352 339 522 371 admodum
560 347 674 379 aspera
696 346 884 379 <parumque
922 335 1022 379 polita
1051 338 1184 379 insuper
1215 337 1330 369 detrita
1358 343 1424 377 est,
1460 335 1549 369 nulla
1577 343 1682 370 tamen
1711 345 1968 370 ornamentorum

353 396 489 436 vestigia
511 393 618 425 habet.

480 449 684 481 Hamakerns
706 448 728 480 l.
752 460 780 481 c.
803 451 900 482 missa
922 451 1026 493 prima
1047 448 1134 481 linea
1157 448 1290 482 alterius
1313 456 1344 481 et
1365 450 1478 482 tertiae
1499 448 1622 482 litteras
1646 448 1741 492 legit:

1148 515 1244 540 maz:

1074 570 1111 607 7³7
1134 563 1175 598 ⁷:³7
1195 571 1242 595 :a
1497 598 1501 602 ,

352 618 523 651 secundum
547 621 695 661 gratiam
717 618 830 650 bonam
852 622 942 658 eius,
962 618 1102 658 favori:
1121 630 1222 651 cauea
1240 618 1404 659 habitam,
1433 620 1567 662 primam
1585 619 1699 651 tertiae
1711 617 1817 651 lineae
1834 617 1973 652 litteram

353 684 376 707 n
409 686 480 706 esse
511 676 719 715 existimans,
756 675 1014 718 quumsimilem
1037 675 1177 708 habeant
1199 674 1303 708 Zabii.
1347 675 1413 708 Sed
1435 675 1510 708 huic
1526 675 1729 708 similitudini
1751 686 1815 708 non
1838 674 1971 708 multum

351 731 540 771 tribuerim,
577 743 673 774 quum
704 731 908 774 alphabetum
935 731 1071 764 Zabinm
1107 743 1126 763 a
1153 731 1327 764 Phoenicio
1356 733 1451 765 nimis
1480 731 1578 775 longo
1614 734 1716 776 spatio
1753 732 1849 765 distet
1883 731 1973 774 (vide

352 798 424 830 pag.
448 790 499 819 64.
526 790 566 819 83
575 788 598 830 ).
651 788 809 830 Equidem
840 787 886 820 nil
909 788 1022 821 dubito
1045 799 1116 820 eam
1138 799 1211 821 esse
1232 789 1355 821 Lamed
1377 789 1483 832 (conf.
1507 788 1613 822 simile
1634 790 1667 822 in
1690 787 1912 831 Numidicis),
1940 795 1972 820 et

352 846 480 876 tertiam
503 843 622 876 lineam
646 843 832 888 legendam:

1056 901 1146 944 (vnn
1177 893 1258 936 ²:5³5

351 965 401 997 Dc
424 966 549 1008 integro
571 963 678 1008 lapide
699 975 769 998 mea
790 966 974 998 coniectura
996 965 1075 997 haec
1098 973 1162 997 est:
1260 1011 1267 1013 ‚

1051 1023 1083 1057 bn
1109 1022 1260 1066 (1)b³=(⁷=)

1064 1078 1178 1120 (τηυξ,
1202 1087 1261 1123 rm

1064 1134 1155 1179 (7)7:n
1180 1136 1260 1170 52:25

352 1190 436 1223 Illud
458 1197 599 1229 certum,
631 1189 769 1233 lapidem
795 1191 936 1222 votivum
959 1201 1031 1223 esse
1053 1190 1146 1223 Baali
1167 1191 1329 1223 Hamman
1352 1198 1580 1233 consecratum.

1126 1297 1198 1330 Lll.

682 1348 801 1403 CAR
822 1364 1291 1399 THAGINENSIS
1334 1365 1646 1399 SEPTIMA.

479 1441 702 1483 Fragmentum
730 1443 947 1484 inscriptionis
970 1442 1011 1475 ab
1033 1442 1222 1475 Humanum
1250 1454 1268 1475 e
1297 1443 1466 1476 ruderibus
1497 1442 1703 1485 Carthaginis
1733 1448 1873 1479 erutum,
1915 1441 1972 1473 sed

351 1497 424 1528 dum
447 1498 531 1528 inter
554 1498 643 1528 varia
663 1499 863 1540 antiquitatis
886 1507 1092 1531 monumenta
1113 1511 1155 1532 ex
1171 1500 1282 1532 Africa
1305 1503 1338 1532 in
1356 1499 1502 1543 Belgiam
1525 1498 1786 1538 transferebatur,
1809 1499 1971 1530 amissum.

350 1552 606 1586 Delineationem
631 1555 700 1585 eius
723 1553 763 1585 ab
787 1553 966 1586 Humberto
988 1554 1104 1587 saetam
1127 1557 1181 1587 dat
1202 1555 1410 1587 Hnuxaaus
1432 1555 1575 1587 Miscell.
1597 1554 1659 1586 tab.
1682 1558 1697 1585 1
1721 1565 1773 1586 no.
1797 1557 1836 1593 3,
1867 1552 1972 1596 expli·

352 1611 508 1642 cationem
539 1609 581 1641 ib.
612 1621 641 1652 p.
665 1613 714 1641 11.
757 1608 916 1647 Quattuor
946 1611 1016 1642 eius
1044 1610 1166 1642 litteras
1194 1613 1223 1643 is
1248 1613 1295 1643 ita
1320 1611 1398 1654 legit
1430 1620 1535 1649 num,
1567 1612 1607 1643 de
1629 1604 1867 1653 significatione
1890 1608 1972 1642 nihil

352 1665 525 1698 definiens:
556 1676 659 1709 neque
681 1675 743 1708 ego
756 1666 928 1709 quidquam
944 1665 1081 1706 definio,
1105 1678 1284 1710 quanquam
1299 1668 1432 1710 primam
1447 1666 1584 1700 litteram
1599 1678 1659 1710 pro
1678 1676 1702 1700 ,Ἴ
1716 1666 1835 1699 habere
1850 1665 1971 1699 malim.
2016 1682 2020 1686 -

1118 1773 1206 1807 Lm.

690 1840 1310 1874 CARTHAGINENSIS
1363 1840 1525 1874 ocTA
1551 1841 1638 1874 VA.

482 1921 512 1949 1.
554 1917 726 1960 Inscriptio
761 1917 970 1960 sepulcralis,
1006 1928 1091 1950 anno
1122 1920 1203 1950 1823
1239 1919 1272 1949 in
1307 1918 1425 1949 vicinia
1460 1916 1590 1959 Malgae
1619 1918 1693 1960 pagi
1722 1924 1850 1960 reperta
1878 1925 1911 1950 et
1936 1919 1969 1950 in

352 1972 502 2005 Museum
523 1974 740 2017 Lugdunense
763 1973 879 2005 delata.
924 1973 1183 2006 Delineationem
1201 1961 1277 2006 ‘eius
1299 1984 1319 2005 a
1339 1973 1468 2005 Fumo
1493 1973 1555 2005 sibi
1571 1974 1835 2005 communicatam
1851 1975 1972 2016 primns

352 2028 494 2071 vulgavit
516 2038 548 2062 et
569 2032 793 2073 interpretatus
816 2037 865 2062 est
888 2030 983 2061 Fam.
1003 2029 1211 2061 Munna-nnn
1234 2031 1267 2061 in
1289 2030 1514 2062 dissertatione
1544 2029 1633 2061 Actis
1656 2029 1825 2062 Societatis
1849 2029 1971 2073 Regiae

352 2085 496 2117 Danicac
518 2088 639 2118 inserta
662 2094 694 2118 et
716 2090 798 2119 1824
820 2087 922 2126 edita,
952 2086 1012 2118 hoc
1033 2085 1142 2117 titulo:
1171 2086 1225 2118 Om
1248 2097 1289 2118 en
1310 2087 1404 2129 nylt'g
1427 2085 1541 2119 blande
1555 2086 1726 2118 Ruinerne
1746 2085 1793 2125 af
1803 2085 1971 2129 Carthago

353 2133 498 2184 opdaget
527 2144 650 2174 Punt'sk
683 2143 892 2183 Gravskrfft,
923 2147 956 2175 4.
1008 2141 1240 2185 Apographum
1278 2142 1467 2174 Falbiaunm
1498 2143 1626 2185 repetiit
1660 2142 1776 2174 additis
1808 2141 1972 2174 nonnullis

354 2198 632 2231 observationibus
667 2199 819 2231 Romus
857 2199 938 2231 iiber
967 2198 1127 2242 punisclte
1162 2197 1444 2239 Stet'mcltrfften:
1474 2198 1572 2231 aliam
1605 2208 1682 2230 vero
1711 2197 1969 2238 delineationem,

351 2256 490 2298 priorem
521 2253 607 2286 illam
638 2266 748 2297 parum
771 2263 949 2288 accuratam
972 2266 1043 2287 esse
1066 2257 1294 2298 pronuntians,
1324 2256 1411 2287 dedit
1432 2254 1658 2294 Hfflsxanus,
1688 2254 1831 2286 Miscell.
1851 2254 1969 2297 planen.

351 2310 415 2343 tab.
439 2314 454 2342 1
486 2321 540 2342 no.
565 2314 602 2350 1,
636 2312 742 2343 addito
770 2313 998 2343 commentario
1028 2311 1105 2344 ibid.
1130 2323 1159 2354 p.
1184 2314 1291 2343 1-9,
1343 2311 1452 2344 Meam
1483 2313 1523 2344 de
1551 2322 1590 2343 ea
1619 2310 1756 2354 legenda
1786 2312 1969 2353 opinionem

351 2369 462 2410 paucis
486 2367 701 2398 indicaveram
724 2368 756 2398 in
780 2368 1105 2410 Palaeogrtrpleirche
1127 2367 1268 2400 Studien
1290 2379 1323 2411 p.
1345 2371 1398 2401 70.
1786 2365 1788 2368 ’

479 2423 669 2456 Accuratior
698 2424 864 2466 utriusque
895 2424 1070 2466 apographi
1097 2435 1168 2456 cum
1202 2426 1272 2467 ipso
1307 2424 1414 2467 lapide
1445 2424 1656 2466 comparatio,
1694 2433 1787 2465 quam
1817 2422 1970 2465 Lugduni

353 2481 494 2519 institui,
521 2490 573 2512 me
595 2480 722 2519 docuit,
745 2480 780 2511 in
798 2486 932 2522 utroque
955 2479 1011 2511 illo
1034 2479 1183 2522 exemplo
1206 2491 1296 2519 esse,
1320 2491 1401 2523 quae
1422 2480 1646 2512 emendatione
1669 2486 1803 2521 egeant,
1825 2478 1917 2521 plura
1935 2481 1967 2512 in

353 2536 594 2569 Hamakeriano
616 2537 708 2578 (vide
732 2535 789 2567 lin.
814 2538 828 2566 1
854 2534 913 2567 litt.
937 2539 965 2567 1.
983 2539 1013 2567 9.
1030 2539 1088 2575 11,
1121 2535 1181 2567 lin..
1197 2539 1216 2567 2
1238 2535 1297 2568 litt.
1312 2539 1342 2569 3.
1359 2540 1390 2569 9.
1408 2540 1442 2569 11
1457 2536 1488 2576 ),
1519 2536 1669 2577 pauciora
1684 2536 1716 2566 in
1733 2534 1891 2567 Falbiano
1916 2536 1967 2576 (v.

354 2592 410 2625 lin.
428 2597 440 2624 1
460 2592 521 2625 litt.
537 2596 568 2626 9.
588 2592 665 2635 10):
689 2603 806 2625 novam
822 2603 899 2635 ergo
914 2592 999 2632 dedi,
1022 2592 1104 2635 quod
1122 2593 1286 2635 utriusque
1306 2594 1381 2625 vitia
1397 2591 1590 2625 emendaret.
1635 2590 1785 2623 Ceterum
1802 2592 1967 2634 inscriptio
