2242 2976
365 278 441 318 124
489 275 622 310 LIBER
637 272 881 308 SECUNDUS.
914 271 1252 306 thcmP'rloNEs
1266 271 1549 306 PHOENICIAE.
1578 272 1725 307 CAPUT
1747 273 1961 308 TERTIUM.

365 372 552 416 phoeniciae
582 380 647 402 non
676 375 771 408 sunt,
806 367 944 400 fortasse
971 368 1183 399 armeniacae.
1236 367 1327 400 Misit
1354 378 1397 399 ex
1419 366 1593 400 Niebuhrii
1613 366 1742 400 schedis
1763 367 1980 411 apographum

366 438 493 466 earnm,
523 427 702 458 accuratius
722 424 803 456 illud
834 425 962 467 quidem
991 434 1086 467 quain
1114 424 1199 466 quod
1226 425 1259 456 in
1281 423 1397 456 Museo
1420 424 1541 456 editum
1562 430 1629 463 est,
1665 422 1779 456 Imm
1805 423 1982 456 Olekauoen

364 484 407 516 V.
433 482 489 523 C.,
522 483 578 515 sed
601 483 661 514 ista
683 481 852 524 phoenicia
874 491 940 513 non
962 491 1034 512 esse
1055 481 1295 524 spoponderim.

491 551 599 590 Quum
622 551 662 583 ad
685 552 773 594 ipsos
794 549 920 594 lapides
941 551 1046 583 aditus
1069 561 1132 583 non
1147 557 1271 594 pateat,
1294 550 1482 593 Porteriqne
1497 548 1680 593 apographa
1694 559 1843 593 magnam
1858 539 1982 593 partem

364 616 420 642 aut
448 607 637 640 delitescant
667 614 722 640 aut
747 608 919 651 perierint,
960 606 1094 640 multum
1130 617 1208 640 sane
1241 608 1378 639 interest
1412 608 1514 646 scire,
1556 617 1637 657 quae
1676 605 1758 639 fides
1791 604 1983 650 apographis

365 664 593 704 Pocockianis,
632 674 675 697 ex
708 663 823 708 quibus
859 664 932 696 unis
967 664 1162 706 pendemus,
1198 662 1311 696 haberi
1343 664 1458 707 possit.
1516 661 1760 701 Quodammodo
1788 663 1822 695 id
1849 662 1984 712 indicari

364 727 469 764 potest
498 731 540 753 ex
569 721 777 764 inscriptione
807 720 965 760 secunda,
1004 730 1085 763 quse
1115 719 1274 763 hodieque
1302 718 1423 752 Oxonii
1446 726 1611 762 superstes
1633 726 1701 758 est,
1730 726 1762 751 et
1783 729 1826 752 ex
1844 716 1983 762 quinque

364 778 610 821 inscriptionum
636 776 823 820 apographo
852 776 1053 808 Porteriano.
1095 776 1147 808 Ex
1170 775 1222 808 his
1244 782 1350 808 autern
1371 782 1521 819 apparet,
1550 775 1747 808 Pocockium
1769 775 1896 819 quidem
1919 785 1982 808 non

363 835 441 866 satis
464 841 609 866 accurate
631 832 829 876 singularum
849 831 1026 864 litterarum
1041 833 1155 864 ductus
1171 833 1329 864 imitatum
1345 842 1436 872 esse,
1458 831 1644 875 litterasque
1660 833 1763 875 magis
1777 831 1986 875 descripsisse

363 900 458 933 qnam
487 889 640 933 religiose
668 890 872 932 depinxisse,
906 895 1079 932 propterea
1106 888 1284 920 litterarum
1311 887 1464 920 similium
1495 889 1532 930 (b
1553 895 1586 920 et
1606 897 1638 927 π,
1668 897 1690 921 72
1714 894 1747 920 et
1767 897 1813 927 υ,
1845 897 1864 922 ἰ
1886 893 1918 919 et
1941 887 1983 929 q)

363 946 561 985 discrimina,
579 956 639 978 nec
654 955 716 977 non
732 943 910 977 litterarum
928 944 1099 977 intervalla
1110 955 1206 987 saepe
1218 943 1412 987 neglexisse,
1427 946 1472 976 ita
1483 951 1518 977 ut
1530 946 1564 977 in
1579 943 1629 977 his
1642 944 1789 987 legendis
1802 942 1984 976 coniectdr‘a

363 1002 500 1035 subinde
516 1013 596 1045 opus
617 1003 660 1034 sit
682 1002 735 1041 (in
759 1002 856 1034 inser.
870 1004 889 1033 2
911 1001 1041 1043 scripsit
1062 1008 1121 1035 nm
1143 1011 1202 1043 pro
1225 1000 1323 1043 220:
1345 1001 1401 1032 sed
1425 1002 1629 1033 mediocriter
1650 1007 1757 1032 tamen
1773 1011 1812 1033 ea
1826 1001 1984 1047 descripta

363 1062 445 1091 osse.
487 1058 626 1090 Possunt
656 1064 823 1100 propterea
852 1058 950 1089 etiam
973 1055 1111 1100 plurima
1133 1064 1166 1089 et
1187 1055 1252 1100 legi
1274 1063 1307 1089 et
1326 1055 1479 1100 intelligi:
1516 1058 1549 1089 in
1572 1056 1748 1089 litterarum
1770 1067 1847 1089 vero
1868 1055 1984 1100 fign'ris

363 1125 406 1147 ex
435 1114 487 1146 his
516 1113 782 1156 inscriptionibus
811 1114 845 1145 in
877 1111 1051 1156 alphabeta
1085 1113 1278 1156 recipiendis
1306 1120 1398 1145 caute
1433 1113 1624 1146 versandum
1651 1120 1712 1146 est.
1764 1112 1838 1151 Quo
1866 1111 1983 1157 melius

362 1169 498 1202 lectores
518 1169 666 1202 lectionis
688 1170 904 1203 diversitatem
925 1169 1068 1201 indicare
1088 1170 1232 1212 possint,
1261 1176 1387 1212 praeter
1408 1169 1563 1202 Pocockii
1583 1168 1724 1202 tabulam
1746 1170 1842 1201 etiam
1859 1168 1983 1202 Porteri

363 1228 503 1270 quinque
524 1225 709 1269 apographa
731 1226 877 1258 dedimus
899 1225 965 1257 tab.
990 1228 1041 1257 11.
1064 1228 1115 1257 12.

490 1306 788 1350 interpretationem
810 1305 923 1339 harum
944 1307 1189 1349 inscriptionum
1211 1307 1334 1349 primus
1356 1307 1500 1339 omnium
1520 1308 1654 1340 tentavit
1673 1306 1722 1339 10.
1738 1306 1908 1348 swmos,
1929 1306 1985 1355 qpi

362 1364 498 1406 primum
520 1363 599 1394 duas
620 1361 783 1405 explicare
804 1362 927 1395 studuit
947 1364 981 1395 in
1000 1361 1101 1395 libro:
1123 1362 1364 1406 Insertpn'ones
1379 1362 1522 1403 cineae,
1547 1362 1778 1396 oxonii1750.
1800 1367 1832 1396 4.
1855 1363 1908 1405 (ν.
1923 1373 1984 1397 nos

362 1418 417 1451 lib.
441 1418 466 1450 1.
495 1420 524 1458 ς.
550 1419 607 1460 2),
638 1429 714 1451 mox
737 1418 818 1452 duas
838 1418 920 1451 alias
949 1419 1024 1461 (no.
1044 1422 1065 1451 4
1087 1425 1121 1451 et
1142 1419 1201 1459 5),
1239 1421 1272 1452 in
1301 1418 1412 1452 libello
1440 1421 1605 1453 rarissimo
1633 1420 1837 1463 (exemplum
1858 1420 1928 1458 eius
1947 1420 1983 1451 in

364 1474 493 1507 Brnnsii
518 1474 713 1506 bibliotheca
733 1475 836 1517 vidi):
876 1475 1118 1518 Inscriptionee
1142 1475 1272 1509 Cineae
1294 1487 1320 1508 ε.
1343 1479 1379 1508 ιή
1401 1475 1496 1508 binae
1516 1477 1604 1509 alias
1624 1479 1855 1520 inscriptiones
1876 1474 1984 1521 Phoe·

363 1534 470 1563 nicias
500 1533 719 1562 coniecturae.
750 1530 859 1564 Oxon.
884 1534 986 1570 1753,
1022 1532 1094 1563 dein
1118 1539 1266 1574 quattuor
1297 1533 1371 1574 (no.
1394 1535 1425 1564 2.
1445 1537 1476 1566 4.
1498 1536 1549 1564 21.
1574 1534 1634 1574 23)
1656 1534 1689 1564 in
1711 1533 1837 1565 Philon.
1865 1531 1984 1577 Trans·

364 1589 492 1618 actione
515 1585 592 1618 Vol.
611 1588 652 1617 54
673 1597 701 1628 p.
722 1589 923 1626 411-438,
948 1589 1047 1626 1764,
1077 1586 1132 1619 ubi
1162 1586 1256 1630 paulo
1283 1589 1429 1630 asperius
1458 1589 1667 1631 respondetur
1696 1589 1735 1620 ad
1765 1587 1984 1630 Barthelemyi

365 1641 606 1674 observationes
641 1641 746 1683 (haud
774 1653 853 1674 sane
880 1644 989 1686 magni
1012 1643 1184 1686 momenti)
1213 1645 1247 1676 in
1282 1644 1511 1686 „Reflesct’oss
1537 1655 1594 1677 mr
1621 1645 1773 1688 quelques
1801 1655 1984 1678 mennatem

359 1697 584 1741 phenicienffl
614 1698 792 1730 Meu-otro·
820 1699 861 1731 de
887 1699 1015 1731 l‘acad.
1045 1699 1152 1731 XXX
1173 1711 1203 1743 p.
1226 1703 1290 1732 407
1311 1711 1379 1743 sqq.
1423 1696 1500 1732 Post
1521 1711 1593 1733 eum
1615 1700 1764 1744 permulti
1785 1702 1819 1733 in
1841 1701 1984 1734 sectanda

364 1755 572 1796 inscriptione
601 1752 725 1786 Oxonii
747 1762 911 1787 asservata
939 1755 1150 1793 desudarunt;
1179 1757 1272 1798 pauci
1301 1757 1398 1789 etiam
1425 1755 1618 1799 reliquarum
1646 1768 1742 1789 unam
1769 1756 1821 1788 vel
1849 1756 1986 1799 alteram·

365 1809 587 1852 explicandam
609 1811 835 1853 susceperunt,
863 1818 899 1843 ut
924 1811 1096 1851 Koppius,
1120 1813 1172 1854 qui
1196 1811 1326 1853 (Bilder
1348 1812 1417 1845 und
1437 1811 1531 1845 Salar.
1555 1812 1583 1853 1,
1605 1824 1636 1856 p.
1660 1816 1722 1846 200
1738 1813 1828 1856 sqq.)
1857 1821 1984 1857 praeter

365 1866 536 1898 secundos·
564 1866 719 1898 tredecim
749 1866 830 1899 alias
858 1867 928 1910 (no.
956 1872 988 1900 4.
1020 1870 1051 1901 5.
1082 1871 1132 1901 10.
1165 1871 1215 1900 12.
1249 1871 1298 1901 13.
1327 1871 1379 1902 17.
1416 1872 1465 1902 18.
1496 1873 1547 1902 21.
1582 1873 1634 1902 23.
1663 1874 1715 1902 24.
1744 1873 1797 1903 26.
1826 1873 1877 1903 29.
1909 1870 1984 1913 ³⁰.)

365 1921 496 1960 tractat,
525 1928 558 1952 et
580 1920 804 1961 Hsmxznus,
826 1924 879 1966 qui
901 1924 1065 1964 (Mt‘ecell.
1078 1924 1197 1966 phoeu.
1219 1936 1251 1967 p.
1264 1927 1306 1957 92
1320 1925 1412 1969 sqq.)
1434 1926 1562 1957 easdem
1579 1931 1754 1957 retractans
1769 1927 1803 1958 in
1818 1925 1983 1969 Koppium

365 1979 506 2021 graviter
534 1977 714 2017 invehitur,
751 1978 840 2010 illius
867 1981 1144 2022 interpretationes
1171 1981 1212 2013 ad
1242 1968 1337 2013 unam
1367 1991 1478 2013 omnes
1509 1981 1578 2013 fere
1605 1982 1766 2014 reiiciens.
1814 1981 1927 2024 Neque
1947 1982 1983 2014 id

364 2034 434 2066 sine
457 2035 526 2065 iure
554 2033 664 2074 (idem
697 2034 765 2066 sere
799 2045 859 2067 nos
887 2036 1116 2076 iudicavimus,
1152 2047 1332 2080 quanquam
1354 2047 1419 2069 non
1440 2037 1552 2069 eadem
1574 2038 1762 2080 asperitate,
1790 2038 1823 2069 in
1845 2036 1917 2070 Jen.
1938 2036 1981 2070 A.

365 2090 404 2122 L.
415 2089 451 2121 Z.
463 2092 544 2121 1820
561 2100 613 2121 no.
621 2092 674 2129 39,
697 2089 754 2122 ubi
770 2089 942 2122 nonnullae
958 2099 1110 2124 tractatae
1125 2094 1238 2134 sunt):
1263 2103 1399 2136 namque
1413 2103 1452 2125 ne
1466 2093 1528 2125 hoc
1542 2094 1668 2136 quidem
1686 2093 1833 2136 Koppius
1847 2093 1981 2133 viderat,

366 2146 424 2178 has
446 2147 668 2188 inscriptiones
692 2154 817 2188 praeter
838 2149 975 2190 primam
994 2159 1105 2180 omnes
1134 2159 1206 2181 esse
1234 2148 1430 2192 sepulcrales
1459 2156 1492 2181 et
1516 2151 1646 2182 nomina
1669 2151 1796 2193 propria
1816 2149 1982 2182 hominum

365 2203 546 2240 continere,
589 2202 798 2235 contumelias
828 2204 910 2236 adeo
946 2205 1068 2237 iactans
1097 2206 1131 2237 in
1158 2205 1359 2249 philologos,
1401 2206 1455 2250 qui
1474 2226 1512 2245 ,„
1522 2207 1651 2239 nomina
1682 2207 1810 2248 propria
1827 2212 1983 2240 ‘amarent

365 2259 399 2291 in
414 2258 675 2300 inscriptionibus
686 2280 695 2296 ‚
719 2266 754 2289 ut
774 2261 1001 2302 interpretandi
1018 2263 1148 2304 negotio
1160 2263 1367 2305 supersedere
1381 2265 1545 2305 possent.“
1575 2259 1636 2294 Cui
1651 2263 1905 2305 respondendnm
1922 2270 1981 2303 est,

366 2313 549 2358 philologos
579 2313 656 2345 talia
683 2313 810 2358 legere,
840 2317 913 2358 quia
939 2318 972 2348 in
1002 2316 1162 2360 lapidibus
1184 2325 1330 2358 exstant,
1358 2329 1422 2351 non
1450 2321 1525 2362 quia
1546 2318 1698 2362 faciliora·
1714 2325 1804 2350 sunt:
1834 2318 1980 2352 faciliora

365 2377 471 2403 autem
494 2381 565 2402 esse
588 2380 682 2402 nemo
704 2370 805 2409 dicet,
840 2372 894 2413 qui
915 2380 1057 2414 reputet,
1086 2375 1183 2406 etiam
1204 2376 1335 2407 nomina
1346 2376 1475 2418 propria
1489 2376 1530 2408 ad
1551 2382 1678 2417 etymon
1692 2385 1785 2406 suum
1799 2376 1981 2408 revocanda

367 2437 456 2466 esse,
494 2433 528 2458 et
549 2437 710 2469 nunqnam
731 2427 938 2469 interpretem
961 2429 1000 2460 de
1024 2431 1151 2461 nomine
1172 2433 1300 2473 proprio
1321 2438 1408 2464 recte
1429 2431 1512 2464 lecto
1533 2429 1654 2463 certum
1677 2441 1749 2463 esse
1769 2442 1883 2474 posse,
1917 2433 1980 2464 nisi

368 2471 535 2526 probabile
556 2484 625 2515 eins
647 2490 774 2524 etymon
797 2484 995 2516 indicaverit.

496 2556 601 2588 Etiam
629 2566 689 2588 nos
717 2567 781 2588 non
807 2567 938 2596 omnes,
975 2567 1034 2589 nec
1064 2560 1172 2591 omnia
1192 2559 1390 2602 singularum
1412 2560 1510 2592 verba
1531 2559 1694 2602 explicare
1715 2561 1894 2603 potuimus}
1923 2560 1980 2594 sed

370 2611 522 2654 plurimas
545 2619 650 2645 tamen
670 2609 778 2656 legere
807 2614 958 2656 contigit,
995 2621 1027 2647 et
1053 2615 1100 2647 ita
1121 2616 1266 2658 quidem,
1302 2623 1338 2649 ut
1363 2618 1398 2649 in
1419 2615 1529 2649 multis
1550 2616 1591 2648 de
1613 2624 1722 2649 nostra
1744 2616 1881 2649 lectione
1902 2618 1981 2650 sutis
