2242 2976
482 262 821 296 INSCRIPTIONES
842 263 1135 297 MELITENSES.
1180 264 1203 296 1.
1224 263 1493 297 MELITENSIS
1515 263 1663 298 PRIMA.
1816 269 1885 304 101

263 356 400 390 Videtur
423 364 529 389 autem
545 357 625 390 haec
641 358 851 395 benedicendi
864 356 1003 390 formula
1020 358 1065 390 ita
1080 358 1249 401 cogitanda
1264 341 1353 398 esse,
1388 360 1479 402 quasi
1495 359 1536 391 ab
1551 358 1702 391 Herculis
1720 361 1886 392 sacerdote

261 421 390 456 accepto
417 414 552 446 donario
573 415 681 447 addita
702 416 763 454 sit,
794 415 847 457 qui
870 424 986 446 numen
1010 414 1212 457 imploraret,
1236 421 1271 446 ut
1292 421 1356 447 tam
1380 417 1504 458 piorum
1522 418 1573 448 sui
1595 415 1751 448 cultorum
1775 427 1885 459 preces

259 471 371 503 audire
393 481 511 513 eosque
534 470 699 502 fortunare
721 469 828 503 vellet.

387 545 419 572 4.
464 539 588 572 Graeca
608 542 826 583 inscriptionis
846 551 922 583 pars
943 540 1079 572 eandem
1102 541 1243 573 continet
1265 542 1473 581 sententiam,
1505 550 1598 586 atque
1618 541 1805 585 phoenicia,
1828 544 1884 575 sed

260 596 463 640 paucioribus
492 597 684 640 defungitur.
735 597 867 628 Praeter
895 595 976 636 alia,
1014 597 1053 628 de
1083 597 1198 640 quibus
1228 599 1292 629 iam
1323 599 1442 630 dictum
1465 605 1535 638 est,
1573 599 1727 641 precandi
1748 598 1887 631 formula

260 655 380 685 omissa
410 660 466 685 est.
519 652 622 686 Nobis
638 656 748 685 vunum
779 653 947 685 dicendum
970 660 1133 695 superest,
1175 655 1215 686 de
1237 653 1390 686 Herculis
1414 654 1554 696 epitheto
1578 655 1765 697 ἀρχηγέτης,
1801 656 1887 687 unde

260 711 527 742 APJOEFETEI
542 720 601 752 pro
623 708 783 752 ἀρχηγέτῃ.
828 709 985 741 Graecum
1007 711 1092 741 enim
1119 708 1304 753 ἀρχηγέτης,
1332 711 1401 742 dor.
1427 710 1613 753 ἀρχαγέτας,
1649 713 1732 755 quod
1755 714 1885 745 omnino

261 771 444 805 auctorem,
467 766 666 797 conditorem
689 766 836 809 designat
860 767 910 808 (v.
935 766 1027 797 Pind.
1049 765 1140 807 Pyth.
1165 769 1195 805 5,
1218 769 1270 798 80.
1301 767 1422 799 Sturzii
1442 767 1524 799 Lex.
1549 768 1759 811 Xenophont.
1778 769 1808 800 h.
1827 770 1885 810 v.),

260 825 357 854 etiam
378 822 453 855 libri
470 826 661 865 scriptorem
684 822 724 864 (2
738 822 840 854 Mace.
857 826 888 861 2,
907 822 987 865 31),
1017 823 1102 865 apud
1117 822 1295 855 Dorienses
1310 825 1450 855 maxime
1467 823 1599 856 solenne
1615 831 1685 857 erat
1700 824 1886 857 attributum

259 879 437 922 Apollinis,
469 885 578 922 utpote
599 890 752 911 novarum
775 880 937 910 civitatum
965 879 1150 911 conditoris.
1180 878 1369 912 Callimach.
1392 879 1498 923 Apoll.
1523 884 1580 913 56:

683 970 709 980 ..
745 951 863 989 Φοῖβος
883 949 942 991 γὰρ
965 948 1012 981 ἀεὶ
1032 949 1169 981 πολίεσσι
1191 951 1318 992 φιληδεῖ

646 1005 861 1046 Κτιζομέναις,
895 1004 988 1042 αὐτὸς
1010 1005 1044 1036 δὲ
1063 1005 1205 1045 θεμείλια
1231 1007 1351 1046 Φοῖβος
1370 996 1505 1049 ὕφαίνέι,

260 1075 316 1108 ubi
330 1076 402 1107 vide
425 1075 619 1118 Spanhem.,
640 1075 774 1107 Aristid.
797 1076 830 1107 in
853 1086 1004 1118 panegyr.
1028 1074 1139 1116 Cyzici
1162 1074 1202 1107 T.
1226 1075 1243 1106 I
1265 1088 1297 1118 p.
1312 1078 1393 1114 237,
1417 1084 1449 1108 et
1471 1077 1651 1109 mmmmm
1674 1078 1714 1109 de
1735 1071 1886 1120 Apolline

260 1133 422 1164 civitatum
446 1133 622 1164 conditore.
652 1131 858 1174 Regiomonti
876 1135 968 1164 1811.
1014 1131 1168 1163 Solebant
1190 1139 1359 1174 propterea
1381 1143 1536 1165 novarum
1557 1135 1718 1166 civitatum
1739 1141 1886 1166 auctores

261 1196 293 1220 et
314 1188 420 1221 coloni
440 1188 588 1232 Apollini
611 1188 763 1231 ἀρχηγέτῃ
784 1199 857 1220 aras
879 1195 1063 1227 exstruere,
1086 1189 1265 1220 cuiusmodi
1287 1197 1492 1222 monumenta
1507 1191 1540 1222 in
1556 1191 1662 1222 numis
1677 1190 1885 1222 Tauromenii

261 1252 295 1277 et
315 1245 427 1276 Ennae
451 1245 580 1277 Siculae
602 1252 788 1287 comparent
816 1245 864 1285 (v.
892 1243 1018 1276 Eckhel
1047 1245 1130 1276 doct.
1155 1255 1242 1276 num.
1265 1244 1295 1285 I,
1318 1248 1390 1277 206.
1415 1248 1508 1287 248).
1550 1246 1673 1278 Eodem
1696 1248 1887 1290 cognomine

261 1300 445 1344 Apollinem
467 1301 626 1333 ornabant
648 1301 857 1343 Megarenses
880 1307 912 1332 et
933 1299 1020 1332 Naxi
1042 1300 1167 1332 insulae
1189 1301 1314 1333 incolae
1335 1302 1492 1343 (Pausan.
1515 1306 1545 1341 1,
1568 1306 1619 1333 42.
1643 1302 1788 1344 Thucyd.
1811 1306 1843 1341 6,
1866 1305 1885 1334 3

259 1358 370 1400 ibique
391 1357 548 1399 Duker.)
593 1357 761 1388 Proximas
786 1363 893 1388 autem
913 1364 988 1398 post
1006 1355 1192 1398 Apollinem
1217 1365 1324 1399 partes
1344 1356 1378 1389 i'n
1400 1360 1491 1390 novis
1513 1358 1695 1390 civitatibus
1710 1359 1884 1390 condendis

261 1414 391 1446 tenebat
415 1413 591 1452 Hercules,
615 1413 805 1445 Punicarum
829 1414 1029 1455 potissimum
1052 1412 1177 1444 urbium
1201 1414 1345 1445 conditor
1367 1414 1495 1446 habitus
1519 1413 1670 1456 (Sallust.
1692 1415 1765 1458 Jug.
1789 1417 1829 1446 89
1852 1421 1884 1447 et

258 1470 343 1502 infra
365 1471 406 1502 ad
428 1469 559 1501 Numid.
584 1470 662 1511 15),
699 1480 851 1511 persaepe
874 1476 1043 1511 propterea
1064 1470 1188 1510 κτίστης
1216 1471 1283 1501 dor.
1307 1471 1447 1509 κτίστας,
1470 1462 1622 1509 οἰκίᾰτας,
1650 1470 1750 1502 latine
1773 1471 1884 1502 condi-

260 1531 314 1559 tor
334 1525 489 1558 salutatus
518 1527 570 1566 (v.
594 1525 720 1557 Eckhel
742 1525 783 1556 D.
805 1524 848 1559 N.
868 1524 926 1563 IV,
946 1528 1047 1566 349),
1078 1524 1109 1557 h.
1132 1524 1153 1558 l.
1176 1525 1345 1568 ἀρχηγέτης
1378 1527 1429 1569 (v.
1453 1526 1586 1558 Boeckh
1610 1525 1708 1568 Corp.
1731 1528 1829 1558 inser.
1851 1526 1882 1558 ll

258 1595 289 1626 p.
305 1586 377 1615 229.
407 1582 530 1614 Osann.
554 1581 626 1623 syll.
656 1593 685 1624 p.
707 1583 781 1613 404.
811 1592 862 1613 no.
883 1580 962 1622 Vl).
1005 1580 1092 1613 Num
1121 1583 1217 1613 etiam
1246 1581 1366 1623 Tyriae
1395 1584 1428 1614 in
1458 1582 1564 1614 insula
1592 1581 1707 1614 Melita
1735 1582 1881 1614 coloniae

259 1647 368 1672 auctor
398 1638 526 1670 habitus
552 1639 631 1678 sit„
649 1639 805 1669 incertum
828 1644 893 1676 est,
931 1648 1026 1679 quum
1056 1636 1184 1669 aliunde
1215 1639 1254 1670 de
1284 1649 1323 1669 eo
1359 1638 1438 1669 nihil
1477 1646 1616 1670 constet:
1660 1640 1716 1670 sed
1754 1638 1881 1677 sufficit,

259 1694 340 1737 Tyri
370 1706 443 1727 eum
472 1694 639 1737 ἀρχηγέτην
669 1695 781 1726 fuisse.
834 1693 987 1726 Colonias
1008 1695 1094 1726 enim
1116 1704 1179 1725 non
1203 1705 1329 1737 semper
1349 1696 1390 1727 iis
1414 1696 1588 1727 conditoris
1611 1695 1751 1727 honores
1773 1695 1882 1727 decre-

258 1754 362 1791 visse,
399 1753 452 1794 qui
477 1762 532 1783 eas
554 1751 775 1789 condiderint,
810 1751 867 1782 sed
901 1761 1086 1782 communes
1110 1760 1206 1793 saepe
1226 1762 1297 1783 cum
1320 1751 1489 1794 metropoli
1511 1746 1692 1784 conditores
1714 1758 1882 1783 veneratas

259 1819 331 1841 esse
354 1815 477 1840 constat
498 1809 547 1849 (v.
565 1806 695 1839 Eckhel
717 1805 739 1838 l.
761 1817 789 1838 c.
812 1818 844 1848 p.
865 1808 959 1847 346).

388 1880 419 1910 5.
462 1877 613 1919 Denique
636 1884 671 1909 ut
693 1878 732 1909 de
754 1881 868 1909 aetate
884 1876 1105 1909 nobilissimae
1119 1879 1336 1920 inscriptionis
1350 1879 1460 1920 paucis
1477 1889 1626 1921 agamus,
1648 1880 1787 1921 primum
1802 1877 1881 1910 illud

259 1943 333 1967 ante
350 1936 458 1966 omnia
471 1935 622 1977 positum,
638 1944 708 1965 eam
724 1934 774 1974 (ut
787 1940 873 1965 recte
887 1933 1070 1965 observavit
1081 1933 1239 1976 Koppius)
1254 1933 1433 1966 Alexandri
1446 1934 1560 1978 Magni
1574 1942 1678 1967 aetate
1692 1935 1879 1967 inferiorem

259 2003 349 2031 esse,
386 2002 480 2034 quum
519 1997 591 2032 post
624 1989 845 2021 Alexandrum
883 1996 915 2021 et
951 1989 1205 2022 Ptolemaeorum
1241 1991 1367 2022 demum
1396 1998 1537 2034 tempore
1567 1991 1732 2034 Serapidis
1761 1990 1880 2023 cultum

259 2050 424 2081 inductum
451 2058 522 2078 esse
551 2053 691 2085 constet,
726 2047 758 2077 in
792 2053 902 2077 nostro
932 2045 1026 2078 titulo
1054 2054 1160 2078 autem
1192 2055 1374 2090 compareat
1410 2059 1441 2079 n.
1472 2059 1520 2090 pr.
1549 2048 1716 2090 Σαραπίων
1751 2059 1793 2080 ex
1823 2047 1879 2079 illo

258 2106 439 2137 formatum.
483 2104 654 2135 Praeterea
687 2113 728 2134 ex
758 2101 936 2134 litterarum
966 2102 1079 2145 figuris
1101 2102 1211 2146 colligi
1233 2110 1353 2145 potest,
1391 2105 1527 2146 optimae
1550 2103 1637 2135 illam
1661 2106 1774 2136 aetatis
1796 2115 1879 2144 esse,

259 2174 356 2205 quum
388 2161 547 2193 elementa
577 2160 618 2191 ad
646 2170 745 2191 unum
774 2160 883 2191 omnia
911 2158 1023 2201 plenas
1045 2167 1077 2191 et
1099 2159 1259 2202 legitimas
1282 2159 1422 2192 habeant
1443 2160 1582 2199 formas,
1618 2160 1760 2204 nihilque
1782 2163 1816 2193 in
1839 2162 1879 2192 iis

258 2220 456 2262 reperiatur,
479 2217 563 2260 quod
580 2217 768 2258 posterioris
784 2216 897 2247 aetatis
912 2214 1139 2258 negligentiam
1155 2217 1329 2247 nimiumve
1345 2216 1592 2259 tachygraphiae
1609 2218 1747 2249 studium
1759 2219 1878 2260 sapiat.

258 2275 355 2307 Haud
386 2273 497 2317 procul
527 2274 624 2316 igitur
645 2283 665 2303 a
687 2283 763 2304 vero
785 2271 942 2310 abfuerit,
974 2273 1027 2314 qui
1049 2271 1158 2303 seculo
1180 2272 1248 2303 fere
1270 2283 1299 2304 a.
1324 2271 1400 2305 Chr.
1422 2274 1516 2304 tertio
1538 2272 1616 2305 illud
1639 2280 1878 2306 monumentum

259 2331 451 2373 insculptum
482 2341 554 2362 esse
584 2330 678 2361 dicat.
723 2327 818 2366 Quod
847 2338 925 2359 vero
957 2328 1174 2371 Lindbergius
1205 2329 1253 2371 (p.
1283 2331 1324 2361 79
1346 2330 1434 2372 sqq.)
1469 2340 1511 2360 ex
1545 2329 1720 2362 litterarum
1753 2329 1877 2372 figuris,

259 2399 392 2431 quarum
414 2386 546 2419 annales
566 2397 622 2428 per
644 2386 774 2417 vicenos
798 2396 900 2416 annos
922 2395 965 2416 ex
987 2386 1093 2416 numis
1116 2383 1258 2417 Sidoniis
1281 2396 1415 2428 operose
1437 2387 1571 2429 digessit
1593 2388 1641 2418 vir
1664 2387 1878 2423 doctissimus,

260 2450 394 2476 aetatem
416 2451 448 2475 et
467 2444 534 2475 fere
557 2443 746 2474 decennium
768 2442 838 2473 eius
859 2442 943 2480 (180
964 2452 994 2484 p.
1013 2440 1107 2483 Chr.)
1129 2443 1310 2474 accuratius
1332 2442 1459 2474 definiri
1481 2454 1574 2485 posse
1599 2444 1777 2475 existimat:
1802 2441 1877 2472 huic

260 2499 341 2531 nihil
361 2500 519 2538 tribuent,
550 2500 604 2541 qui
627 2499 855 2541 cogitaverint,
879 2487 1072 2540 quantopere
1094 2499 1198 2530 omnis
1226 2500 1338 2530 aetatis
1361 2500 1517 2541 scriptura
1539 2510 1596 2541 pro
1616 2500 1768 2530 varietate
1790 2495 1876 2527 loco·

260 2566 332 2587 rum
363 2563 395 2588 et
422 2556 629 2589 scribentium
652 2555 881 2586 consuetudine
906 2564 1002 2597 saepe
1025 2555 1104 2586 satis
1126 2554 1297 2586 arbitraria
1319 2555 1448 2586 differre
1468 2555 1580 2586 soleat.
1626 2554 1677 2586 De
1694 2552 1876 2584 Phoeniciis

262 2613 348 2643 enim
370 2612 454 2644 idem
475 2611 577 2651 valet,
600 2612 684 2655 quod
705 2610 819 2654 (Corp.
841 2612 937 2643 inscr.
959 2622 1007 2654 gr.
1031 2610 1070 2644 T.
1086 2611 1112 2645 1.
1128 2622 1160 2654 p.
1176 2613 1215 2651 1)
1248 2612 1288 2643 de
1311 2612 1540 2653 antiquissimis
1562 2609 1663 2642 titulis
1685 2609 1810 2651 graecis
1831 2609 1876 2640 ita
