2242 2976
366 290 441 326 302
526 287 658 320 LIBER
682 284 885 318 TERTIUS.
925 283 986 316 DE
1008 282 1150 316 NUMIS
1173 280 1439 315 PHOENICIIS.
1477 280 1623 316 CAPUT
1643 281 1861 316 TERTIUM.

368 385 399 423 3,
422 385 454 414 8.
497 379 585 412 Mela
608 383 644 417 2,
667 381 698 411 7.
734 377 792 410 Sil.
821 375 890 408 Ital.
917 380 972 414 14,
997 379 1070 409 275.
1107 375 1210 408 Solio.
1242 375 1382 408 Martian
1411 374 1544 418 Capella
1565 374 1628 416 al.)
1658 381 1725 408 tum
1745 376 1991 419 inscriptionum

368 444 514 470 auctores
537 437 583 477 (v.
610 436 696 478 Spon
731 433 869 466 Miscell.
895 444 925 475 p.
950 435 1021 465 190.
1046 433 1144 474 192),
1176 439 1303 475 praeter
1325 443 1422 463 unum
1447 431 1656 471 Strabonem,
1695 433 1779 475 apud
1801 442 1894 475 quom
1915 430 1992 464 libri

367 493 573 534 manuscripti
593 492 712 523 habent
733 493 764 522 Γ
761 491 856 528 αῦδος
876 490 911 532 (1
937 501 965 533 p.
987 494 1040 521 44.
1071 489 1119 521 Vl
1142 500 1172 532 p.
1196 491 1269 521 27⁷.
1300 488 1365 520 Vll
1387 500 1417 531 p.
1440 491 1513 520 299.
1527 487 1712 530 Casaub.),
1744 498 1826 530 quae
1845 486 1950 521 forma
1972 498 1992 518 a

367 549 495 581 Criticis
525 550 580 580 vix
609 547 812 580 sollicitanda
839 545 1047 578 confirmatur
1081 545 1344 595 arabicmozoss
1379 546 1464 587 apud
1489 545 1654 576 Edrisium
1681 555 1711 587 p.
1742 546 1803 576 197
1831 550 1864 576 et
1891 542 1990 583 melit-

370 607 549 641 Gawdescla
571 606 736 650 (vassalli
757 607 839 638 Lex.
862 605 962 638 melit.
986 617 1014 647 p.
1033 605 1134 647 323),
1164 605 1248 638 unde
1264 612 1368 636 ortum
1385 604 1511 636 videtur
1528 603 1719 636 hodiernum
1735 613 1853 636 nomen
1870 601 1993 635 emo.

367 664 554 696 Hamakero
577 662 735 706 (Miscell.
760 674 789 705 p.
809 666 880 694 141.
902 661 982 704 142)
1008 661 1088 693 haec
1110 662 1269 704 posterior
1290 661 1395 693 forma
1416 661 1569 703 primaria
1589 666 1622 691 et
1646 661 1756 692 nativa
1777 669 1849 691 esse
1869 657 1997 691 vident-

369 733 388 753 a
406 721 589 753 Phoeniciis
604 720 740 752 fortasse
757 730 840 753 izv-tw
854 720 973 760 scripta
988 730 1019 761 q.
1035 719 1066 750 d.
1084 721 1178 759 νῆσος
1194 717 1353 760 φακόεσσα
1367 718 1476 750 insula
1493 717 1718 756 lenticulari„
1742 715 1828 748 nude
1841 713 1961 748 litteris
1975 713 1997 746 d

368 784 400 809 et
419 776 430 808 l
447 778 634 819 permutatis
650 784 753 808 ortum
769 777 811 808 sit
830 775 964 813 Gaulon,
987 775 1071 818 quod
1086 781 1192 806 tamen
1210 785 1322 816 parum
1338 772 1491 806 credibile
1507 780 1573 804 est:
1599 780 1713 805 contra
1727 772 1853 809 Γαῦδος
1872 775 1998 819 020st,

372 835 550 868 Gawdeecla
580 837 740 867 recentior
770 835 894 876 videtur
923 834 1027 866 forma
1056 845 1097 865 ex
1126 832 1184 864 illa
1214 844 1270 876 per
1297 834 1532 876 corruptionem
1554 839 1643 872 orta,
1680 838 1712 863 et
1734 833 1856 868 Γαῦλος
1877 838 1997 874 διευς.

370 903 436 924 vox
459 902 530 924 esse
554 893 699 931 videtur,
734 893 858 931 origine
881 890 993 922 eadem
1016 897 1110 933 atque
1132 889 1247 931 γαυλός
1270 890 1465 931 (secundum
1490 888 1727 921 Grammaticos
1747 889 1844 919 etiam
1865 887 1997 929 γαῦλυς,

372 960 401 980 v.
436 948 706 991 Schweighiiuser
739 948 780 979 ad
810 946 932 979 Herod.
954 949 984 986 3,
1010 946 1090 988 136)
1120 947 1212 978 navis
1236 947 1403 986 oneraria,
1436 946 1576 992 maxime
1599 944 1778 977 Phoenissa
1800 941 1943 986 (Herod.
1964 942 1997 981 3,

374 1007 444 1037 136.
468 1007 539 1037 137.
572 1008 604 1043 8,
629 1005 702 1046 97).

500 1075 585 1110 Huic
614 1075 739 1108 insulae
762 1075 859 1118 vulgo
880 1075 1080 1114 tribuuntur,
1117 1085 1176 1106 nec
1202 1075 1257 1116 (ut
1282 1073 1485 1115 videbimus)
1510 1075 1581 1106 sine
1602 1083 1721 1116 magna
1743 1074 1811 1105 veri
1833 1073 1941 1116 speeie
1964 1071 2000 1104 hi

375 1136 464 1167 numi
487 1137 663 1177 φοινικικῶς
684 1133 846 1174 inscripti:

500 1207 540 1239 A.
588 1206 695 1248 Caput
717 1204 874 1237 muliebre
891 1205 1033 1236 velatum
1050 1208 1083 1236 et
1098 1203 1318 1235 diadematum
1332 1203 1378 1234 ad
1394 1203 1560 1235 dextram.
1590 1203 1619 1245 )(
1656 1202 1762 1234 Osiris
1775 1212 1845 1234 eust
1854 1201 2000 1244 flagello

375 1270 408 1296 et
431 1265 533 1302 lituo,
559 1262 700 1305 pedibus
723 1265 816 1292 arcte
840 1264 979 1299 iunctis,
1008 1260 1049 1292 ab
1073 1264 1210 1302 utroque
1232 1261 1339 1292 latere
1361 1259 1446 1292 duae
1459 1259 1602 1302 figurae
1618 1269 1689 1291 eun
1704 1258 1893 1291 adamum.
1930 1255 2000 1288 ΑΕ.

376 1320 482 1362 Supra
504 1326 568 1350 tres
590 1317 715 1349 litterae
739 1326 804 1360 μυ.
849 1316 935 1348 Vide
958 1316 1020 1348 litt.
1043 1316 1073 1348 A
1097 1327 1138 1348 ex
1161 1315 1311 1359 exemplo
1337 1315 1445 1348 Musei
1468 1314 1658 1347 Britannici.
1702 1315 1849 1347 Eundem
1871 1322 2003 1345 numum

375 1376 531 1408 dederunt
560 1374 708 1406 Swinton
738 1375 771 1405 in
802 1374 1011 1416 Allgeneae'ne
1050 1372 1279 1405 'Veltln‘etorie
1307 1371 1350 1404 T.
1376 1371 1456 1404 XV.
1501 1371 1582 1404 Bres
1612 1370 1715 1404 Malta
1736 1370 1853 1403 illustr.
1883 1369 1949 1402 tab.
1972 1371 2002 1402 1.

376 1431 526 1463 Muenter
549 1432 643 1474 antiq.
668 1429 831 1462 Abhandl.
852 1428 917 1462 tab.
941 1433 970 1461 1.
1007 1429 1108 1461 Lanci
1131 1429 1171 1461 de
1196 1439 1336 1461 monum.
1361 1427 1599 1471 Carpentoraet.
1622 1427 1687 1460 tab.
1709 1431 1728 1460 2
1752 1429 1854 1471 (quae
1875 1425 2003 1477 quiderm

378 1487 551 1519 delineatio
574 1488 716 1519 ornatior
738 1494 788 1518 est
810 1497 903 1529 quam
925 1486 1133 1524 accuratior).
1170 1485 1317 1517 Mionnet
1339 1484 1353 1517 1
1375 1497 1405 1527 p.
1428 1487 1489 1517 341
1516 1495 1567 1517 ιιο.
1590 1488 1622 1517 8.

506 1559 544 1591 Β.
591 1559 697 1602 caput
719 1560 836 1591 nudum
859 1559 904 1591 ad
918 1559 1087 1598 dextram,
1114 1559 1260 1590 crinibus
1283 1563 1315 1590 et
1334 1557 1437 1590 barba
1456 1560 1613 1599 crispatis
1637 1558 1695 1599 (ut
1710 1558 1742 1589 in
1755 1557 1862 1588 numia
1875 1554 2000 1597 Iubae).

378 1617 464 1648 Ante
486 1617 656 1648 caduceum
688 1615 712 1656 )(
740 1616 840 1647 Intra
862 1625 1013 1647 coronas·
1035 1616 1182 1647 lauream
1205 1603 1477 1653 tintinnabulum,
1499 1613 1585 1645 infra
1600 1612 1726 1645 litterae
1742 1622 1806 1655 32&-
1851 1610 1907 1644 ΛΕ.
1950 1611 2002 1644 Ex

379 1674 509 1711 eodem,
541 1671 582 1704 cf.
606 1671 745 1704 Pellerin
768 1671 846 1704 Rec.
868 1670 925 1710 111,
950 1671 1013 1703 tab.
1031 1674 1101 1703 104.
1133 1671 1283 1703 Mionuet
1304 1669 1331 1709 1,
1354 1672 1428 1702 341.

507 1745 546 1777 C.
591 1744 636 1777 Ut
661 1744 722 1777 litt.
753 1745 794 1777 A.
829 1744 866 1787 )(.
910 1745 1046 1787 Tripur,
1077 1744 1117 1776 ab
1141 1751 1275 1786 utroque
1298 1744 1369 1775 eius
1390 1741 1491 1774 latere
1513 1742 1564 1774 bis
1585 1743 1722 1784 repetita
1742 1739 1920 1784 epigraphe
1941 1748 2005 1810 1311.

382 1805 431 1835 Ex
455 1804 586 1840 eodem,
621 1802 661 1833 cs.
685 1801 766 1832 Brea
790 1799 889 1832 Malta
910 1800 1026 1833 illustr.
1049 1800 1114 1833 tab.
1138 1803 1170 1832 3.

509 1875 550 1906 Ι).
597 1875 716 1905 Eadem
740 1874 885 1906 adversa.
915 1872 941 1915 )(
978 1874 1085 1916 Caput
1107 1877 1227 1906 arietis
1248 1873 1295 1905 ad
1315 1872 1486 1911 dextram,
1515 1871 1601 1903 infra
1622 1880 1685 1916 3³2«.
1704 1888 1714 1891 ⁷>
1729 1870 1780 1903 Ex
1802 1871 1934 1910 eodem,
1962 1870 2006 1903 cf.

385 1931 508 1963 Dutens
530 1931 604 1962 diss.
629 1934 658 1961 1.
681 1930 745 1961 tab.
768 1934 787 1961 2
810 1938 841 1961 et
864 1942 893 1972 p.
919 1933 978 1962 118
1002 1932 1036 1962 in
1060 1931 1174 1962 fronte.
1204 1929 1345 1962 Pellerin
1367 1928 1390 1960 l.
1413 1939 1440 1961 c.

513 2016 642 2046 Praeter
671 2022 819 2057 quattuor
850 2015 910 2046 hos
942 2026 1056 2047 numos
1082 2017 1224 2057 integros
1253 2014 1313 2046 litt.
1337 2014 1375 2045 E.
1399 2013 1436 2045 F.
1460 2012 1488 2044 G
1517 2011 1709 2044 exhibemus
1733 2012 1794 2043 tria
1815 2010 2008 2054 epigraphes

387 2071 533 2114 exempla
556 2083 598 2103 ex
622 2073 726 2102 numis
750 2070 908 2103 Gothanis
934 2071 982 2112 (v.
1006 2071 1113 2113 Kopp.
1135 2071 1177 2110 ΙΙ,
1202 2071 1301 2112 194),
1335 2077 1367 2101 et
1385 2068 1446 2100 litt.
1469 2068 1514 2100 H.
1534 2070 1650 2100 1-36
1671 2068 1803 2110 triginta
1822 2078 1881 2099 sex
1903 2066 1968 2099 alia
1988 2077 2009 2098 a

387 2128 585 2169 Lindbergio
610 2128 696 2167 (tab.
718 2132 750 2159 4.
776 2131 818 2167 5)
848 2139 890 2159 ex
913 2129 1019 2159 numis
1042 2127 1284 2158 Hauniensibus
1314 2125 1571 2168 (perfrequentes
1593 2126 1679 2156 enim
1702 2123 1736 2155 hi
1759 2123 1866 2164 nunni)
1897 2124 2007 2165 petita,

388 2195 520 2227 quorum
544 2183 723 2222 nonnullis,
754 2185 792 2215 de
816 2184 931 2226 quibus
954 2183 1144 2223 subdubito,
1173 2183 1393 2225 interrogandi
1413 2183 1541 2224 signum
1561 2181 1779 2223 apposuimus.
1823 2178 1889 2211 Tot
1902 2185 2010 2210 autern

391 2238 550 2272 cumulavi
582 2239 747 2280 exempla,
791 2248 824 2271 ut
853 2241 981 2272 tandem
1019 2240 1058 2272 de
1094 2239 1188 2272 huius
1218 2239 1457 2281 inscriptionis,
1497 2237 1666 2268 admodum
1695 2237 1879 2279 perspicuae
1910 2234 2010 2273 illius,

391 2297 528 2328 lectione
551 2296 735 2327 conveniret
757 2297 840 2327 inter
862 2297 1023 2336 eruditos,
1045 2305 1181 2339 quorum
1204 2298 1284 2328 mira
1304 2303 1354 2327 est
1375 2296 1408 2326 in
1431 2293 1482 2325 his
1504 2293 1650 2336 legendis
1670 2291 1829 2330 licentias
1840 2291 2011 2334 tantusque

392 2354 573 2390 dissensus,
610 2358 745 2394 quantus
778 2353 832 2382 vix
860 2363 931 2383 esse
960 2353 1041 2384 solet
1070 2355 1102 2384 in
1133 2352 1229 2384 rebus
1257 2363 1298 2383 ex
1321 2350 1391 2383 sola
1413 2351 1596 2382 coniectura
1618 2347 1838 2391 pendentibus.
1884 2348 2014 2390 Legunt

393 2410 497 2446 enim,
536 2419 575 2439 ne
605 2407 846 2438 Fourmontium
878 2419 1049 2440 memorem
1080 2408 1257 2451 similisque
1278 2409 1402 2440 farinae
1427 2404 1684 2448 Palaeographos
1707 2405 1746 2436 de
1769 2403 1883 2446 quibus
1905 2402 2014 2435 retulit

395 2464 569 2497 Eckhelius
592 2463 650 2503 ΙΙΙ,
666 2467 746 2503 418,
768 2464 861 2495 modo
875 2464 937 2498 ⁷:⁷2&
962 2464 1086 2504 (Bayer
1104 2465 1142 2495 ad
1160 2464 1291 2496 Sallust.
1307 2476 1335 2506 p.
1351 2466 1423 2496 349.
1444 2463 1546 2495 Lanci
1562 2462 1602 2492 de
1615 2471 1756 2508 ιιιοιιιιιιι.
1773 2459 2012 2502 Carpentoract.

395 2534 424 2564 p.
443 2525 483 2553 54
493 2522 595 2563 sqq.),
617 2521 710 2551 modo
727 2522 784 2564 3⁷:⁶2
806 2519 1001 2562 (Hamaker.
1020 2522 1113 2551 diatr.
1133 2523 1172 2551 29
1188 2531 1255 2562 sqq.
1279 2519 1418 2551 Miscell.
1436 2522 1487 2551 48.
1504 2521 1576 2556 141,
1600 2517 1654 2559 qui
1669 2512 1784 2548 dubius
1803 2516 1913 2548 haeret
1930 2517 2015 2548 inter

395 2580 459 2612 §bs
483 2585 515 2609 et
544 2577 635 2618 1⁷2⁸),
676 2578 770 2608 modo
794 2586 843 2620 7:27
875 2576 1018 2618 (Dutens
1041 2587 1070 2617 p.
1094 2578 1144 2607 58.
1183 2576 1350 2618 Lindberg
1372 2588 1403 2618 p.
1426 2577 1508 2616 29),
1545 2580 1577 2604 et
1601 2574 1682 2604 adeo
1706 2574 1761 2616 pr
1791 2573 1956 2614 (Swinton
1977 2573 2011 2603 in

398 2634 515 2665 Philos.
537 2632 703 2665 Transact.
727 2633 793 2665 LX
817 2644 844 2675 p.
866 2635 927 2674 91)
962 2639 1055 2674 atque
1079 2640 1136 2674 rm
1159 2630 1219 2672 (Ο.
1244 2631 1283 2663 G.
1307 2631 1458 2673 Tychsen
1486 2641 1537 2679 ap.
1559 2629 1739 2661 Hartmann
1762 2629 1814 2673 ΙΙ,
1837 2633 1858 2662 2
1884 2640 1916 2671 p.
1938 2630 2011 2661 598.
