2242 2976
528 302 605 336 UBI
627 303 686 336 ET
710 302 901 342 QUANDO
924 304 1177 338 PHOENICIIS
1199 304 1405 338 LITTERIS
1427 304 1500 338 USI
1522 305 1635 339 SINT.
1849 276 1908 345 13ῥ

266 404 391 441 reperta
419 397 470 440 (v.
500 398 655 440 inscriptt.
684 397 859 439 56—66):
888 404 954 430 tum
984 399 1121 441 denique
1151 399 1239 429 numi
1269 406 1341 431 sunt
1371 400 1506 432 testibus
1537 399 1719 442 epigraphis
1743 411 1760 431 a
1784 399 1892 440 Jubis,

266 461 356 497 patre
379 461 411 486 et
431 453 520 493 filio,
554 461 586 486 et
608 465 628 486 a
649 456 747 486 variis
769 453 939 486 Numidiae
962 461 994 486 et
1015 453 1229 486 Mauritaniae
1253 454 1405 495 urbibus,
1440 463 1475 488 ut
1496 454 1653 494 Achulla,
1682 456 1842 488 Sabratha
1864 468 1891 489 s.

267 509 410 553 Tripoli,
438 509 564 549 Vacca,
594 509 803 552 probabiliter
831 511 927 542 etiam
956 510 1056 553 Tingi
1089 513 1173 549 cusi,
1203 511 1242 542 de
1273 522 1406 553 quorum
1437 514 1535 544 etiam
1564 518 1666 544 aetate
1696 514 1774 544 satis
1804 520 1890 544 certo

267 573 402 599 constat.
445 566 496 598 De
517 567 759 608 inscriptionum
783 565 1086 609 Carthaginensium
1117 574 1234 599 aetate·
1252 567 1332 599 nihil
1361 570 1440 600 certi
1463 569 1589 612 quidem
1613 567 1740 600 definiri
1768 576 1889 611 potest:

269 630 408 655 attamen
437 633 623 665 persuasum
654 622 748 655 nobis
777 630 842 662 est,
872 633 927 654 eas
957 623 997 655 ad
1027 621 1232 665 Carthaginis
1261 623 1419 663 Punicae,
1452 636 1515 656 non
1539 624 1723 664 Romanae,
1753 632 1890 657 aetatem

269 680 440 722 pertinere.
488 678 678 721 Quanquam
708 680 793 711 enim
823 680 982 711 sermonis
1017 686 1049 711 et
1069 680 1258 722 :scripturae
1287 681 1422 722 punicae
1451 691 1532 719 usu,
1572 682 1711 724 itemque
1740 682 1890 713 suffetum

268 737 431 767 mentione
451 736 485 767 in
507 738 605 768 inscr.
627 738 669 767 50
690 736 723 767 id
744 737 875 767 minime
899 735 982 767 effici
1011 736 1152 768 concedo
1183 736 1224 777 (si
1247 736 1374 778 quidem
1396 743 1427 767 et
1449 738 1556 778 punici
1579 739 1735 769 sermonis
1759 749 1836 769 usus
1859 744 1892 769 et

268 792 418 824 suffetum
452 803 568 824 munus
594 790 740 824 Romana
775 793 871 823 etiam
902 790 1097 835 Carthagine
1128 792 1345 834 perduravit):
1382 791 1561 824 litterarum
1593 800 1698 824 tamen
1728 794 1892 825 character

268 850 408 891 optimae
430 849 543 880 aetatis
563 849 740 890 scripturae
763 848 1018 891 aequiparandus
1039 847 1160 880 liberae
1175 848 1378 890 Carthaginis
1401 855 1545 891 tempora
1559 849 1621 881 sibi
1638 849 1772 892 flagitat,
1796 861 1892 892 quum

269 903 418 937 Caesaris
445 905 510 936 iam
539 911 570 935 et
600 903 738 946 Augusti
767 911 871 936 aetate
901 915 1012 936 earum
1035 906 1204 947 regionum
1226 905 1383 946 scriptura
1405 905 1577 937 admodum
1600 913 1720 937 mutata
1743 913 1776 937 et
1797 907 1894 948 dege-

267 967 380 993 nerata
405 962 457 993 sit.
500 959 707 1003 Reliquarum
737 967 825 993 aetas
855 962 969 1002 partim
998 972 1040 993 ex
1072 962 1153 1003 ipsis
1179 962 1397 993 monumentis
1427 968 1503 993 nota
1530 968 1588 993 est.
1638 962 1776 994 Exstant
1806 964 1892 993 enim

266 1016 351 1049 tituli
373 1017 414 1048 ab
436 1016 623 1059 Hiempsale
644 1016 706 1048 let
719 1016 750 1048 11
771 1017 813 1060 (i.
830 1027 860 1052 e.
883 1018 968 1048 inter
989 1028 1091 1049 annos
1115 1019 1175 1048 118
1199 1023 1231 1048 et
1252 1020 1290 1048 81
1314 1028 1344 1048 a.
1366 1017 1441 1050 Chr.
1464 1018 1549 1059 nat.)
1572 1017 1747 1061 horumque
1771 1017 1895 1050 familia

266 1074 381 1116 positi,
413 1079 542 1104 exstant
571 1073 659 1104 numi
688 1071 792 1104 Jubae
821 1072 837 1103 Ι
868 1074 1030 1114 (81-46
1059 1085 1088 1105 a.
1120 1072 1218 1115 Chr.)
1249 1080 1281 1105 et
1309 1073 1339 1105 II
1368 1074 1430 1115 (30
1453 1085 1481 1105 a.
1504 1073 1578 1106 Chr.
1599 1093 1642 1098 —
1665 1078 1704 1106 18
1730 1086 1760 1116 p.
1785 1074 1893 1115 Chr.)‚

214 1136 217 1142 “
267 1131 356 1162 numi
382 1129 509 1161 urbium
528 1128 684 1171 Augusti,
713 1129 845 1168 Liviae,
872 1128 998 1161 Tiberii
1021 1129 1177 1172 capitibus
1197 1131 1361 1173 insignes,
1385 1136 1492 1162 exstat
1514 1131 1610 1162 etiam
1627 1130 1739 1162 titulus
1751 1132 1895 1173 lpunicus

267 1187 302 1218 in
331 1197 408 1218 arcu
435 1184 621 1227 triumphali
643 1184 847 1227 Tripolitano
876 1192 1039 1228 repertus,
1074 1197 1168 1229 quem
1199 1188 1298 1218 aetati
1326 1186 1475 1229 Septimii
1499 1186 1631 1225 Severi,
1662 1188 1784 1229 ipsique
1811 1197 1895 1218 anno

267 1249 340 1285 post
362 1241 439 1273 Chr.
464 1253 495 1275 n.
518 1244 579 1273 203
601 1241 795 1273 vindicatum
817 1243 934 1274 ivimus
956 1243 1000 1282 (v.
1016 1243 1055 1274 ad
1072 1244 1168 1274 inser.
1185 1243 1252 1284 64).
1298 1242 1350 1274 Ad
1372 1242 1434 1274 hoc
1455 1250 1562 1275 autem
1582 1244 1734 1285 temporis
1753 1244 1893 1285 spatium

267 1299 403 1341 punicae
423 1297 553 1340 linguae
575 1308 669 1341 usum
691 1299 902 1340 perdurasse,
928 1298 1084 1342 permulta
1107 1299 1264 1331 habemus
1286 1301 1468 1331 testimonia
1479 1301 1516 1342 ²⁸).

393 1354 427 1387 7.
469 1353 507 1385 In
533 1353 716 1394 Cyrenaica
738 1355 835 1385 etiam
858 1362 928 1387 orta
949 1366 1021 1387 esse
1041 1362 1247 1387 monumenta
1268 1355 1384 1388 litteris
1405 1355 1585 1398 phoeniciis
1606 1357 1770 1397 inscripta,
1794 1365 1895 1396 nuper

266 1409 387 1453 aliquot
407 1421 509 1441 annos
532 1410 687 1440 creditum
702 1416 764 1441 est:
789 1410 891 1442 donec
904 1411 1050 1452 improba
1064 1411 1151 1443 fraus
1168 1412 1291 1443 detecta
1306 1419 1338 1443 et
1353 1411 1582 1454 impostoribus
1597 1422 1734 1453 persona
1750 1412 1894 1443 detracta

267 1474 316 1499 est
345 1466 395 1509 (v.
417 1464 475 1496 lib.
496 1464 545 1503 II,
567 1471 635 1506 cap.
661 1465 733 1505 10).
775 1465 902 1497 Revera
931 1468 964 1498 in
989 1466 1055 1498 illis
1083 1467 1289 1509 regionibus,
1319 1478 1397 1510 quas
1420 1478 1598 1510 nunquam,
1627 1468 1713 1509 quod
1741 1469 1891 1505 sciamus,

267 1523 434 1556 Phoenicii
448 1520 554 1552 coloni
568 1520 825 1563 frequentarunt,
851 1521 933 1553 nihil
947 1521 1010 1553 tale
1023 1529 1211 1564 exspectes,
1235 1532 1338 1563 neque
1358 1522 1558 1564 phoeniciam
1574 1525 1732 1564 originem
1755 1523 1893 1564 produnt

268 1580 399 1612 nomina
421 1578 548 1620 propria
567 1576 733 1608 hominum
754 1584 786 1609 et
806 1576 967 1617 locorum,
995 1578 1144 1621 quicquid
1165 1589 1203 1609 eo
1223 1579 1256 1609 in
1279 1588 1400 1620 genere
1422 1579 1554 1609 tentavit
1572 1578 1777 1609 Hamakerus
1790 1579 1842 1619 **).

394 1634 447 1666 Ex
475 1634 633 1676 Aegypto
663 1640 769 1665 autem
800 1633 892 1676 plura
920 1641 1199 1666 monumentorum
1232 1645 1368 1676 genera,
1397 1633 1576 1676 phoeniciis
1605 1633 1718 1683 litteris
1740 1635 1894 1675 inscripta

267 1695 475 1734 diversaeque
520 1690 657 1732 originis
696 1691 736 1722 ad
778 1698 887 1722 nostra
928 1698 1071 1733 tempora
1115 1697 1339 1734 pervenerunt.
1398 1689 1434 1722 In
1481 1689 1571 1729 aliis,
1617 1692 1753 1733 gemmis
1798 1697 1893 1733 atque

267 1749 402 1794 sigillis,
434 1746 558 1789 figurae
586 1747 788 1788 reperiuntur
818 1748 858 1779 ad
887 1746 1119 1790 Aegyptiorum
1149 1746 1323 1790 religiones
1355 1748 1571 1790 pertinentes,
1603 1758 1675 1778 cum
1707 1747 1893 1778 nominibus

267 1807 423 1850 propriis,
454 1813 535 1845 quae
564 1801 689 1844 vulgari
719 1803 914 1835 Phoenicum
946 1803 1131 1843 dieractere
1166 1811 1295 1835 exarata
1325 1811 1401 1836 sunt
1432 1805 1484 1843 (v.
1506 1804 1602 1836 inser.
1625 1806 1677 1836 68.
1700 1804 1780 1844 70),
1810 1814 1892 1845 quae

266 1875 287 1896 a
301 1859 516 1895 Phoenicibus
538 1860 572 1890 in
595 1858 742 1900 Aegypto
765 1859 956 1902 degentibus
978 1867 1010 1892 et
1032 1861 1264 1903 Aegyptiorum
1286 1871 1376 1892 sacra
1399 1858 1555 1901 amplexis
1578 1860 1720 1902 profecta
1741 1871 1813 1891 esse
1836 1861 1892 1891 vix

269 1919 405 1952 dubites.
444 1915 481 1947 In
510 1914 583 1946 aliis
613 1915 755 1947 eiusdem
783 1918 913 1959 generis
942 1916 1064 1959 figurae
1094 1923 1296 1958 comparent,
1327 1917 1383 1948 sed
1408 1915 1492 1947 tituli
1516 1926 1665 1947 sermone
1687 1927 1836 1947 aramaeo
1860 1923 1894 1947 et

269 1974 422 2019 peculiari
436 1975 611 2016 scripturae
628 1973 811 2005 charactere
827 1974 950 2004 exarati
965 1979 1040 2004 sunt
1055 1973 1094 2004 ad
1109 1973 1346 2004 Aramaismum
1370 1972 1559 2004 deflectente
1582 1975 1629 2012 (v.
1644 1974 1740 2004 inser.
1754 1976 1805 2005 71.
1823 1973 1893 2014 72),

264 2042 349 2076 quae
362 2030 402 2062 ab
419 2029 586 2061 Aramaeis
602 2030 685 2061 forte
702 2030 888 2062 commercii
903 2040 999 2060 causa
1016 2030 1049 2061 in
1066 2029 1211 2071 Aegypto
1226 2028 1425 2071 degentibus,
1442 2028 1526 2060 facta
1543 2039 1614 2060 esse
1630 2030 1892 2061 existimaverim.

263 2087 341 2121 Alia
349 2087 486 2129 denique
500 2088 608 2129 papyri
623 2093 696 2118 sunt
709 2086 819 2117 eadem
834 2085 902 2117 fere
916 2085 1026 2128 lingua
1041 2092 1072 2116 et
1087 2084 1185 2117 simili
1195 2085 1378 2117 charactere
1389 2086 1546 2127 inscripti,
1562 2086 1752 2128 quiquidem
1762 2085 1894 2117 Judaeis

266 2143 474 2187 Aegyptiacis
497 2142 657 2174 tribuendi
679 2143 828 2174 videntur
850 2149 882 2173 et
909 2142 948 2173 ad
978 2148 1120 2173 nostram
1151 2143 1368 2184 quaestionem
1391 2143 1497 2173 minus
1522 2143 1683 2183 pertinent
1704 2143 1751 2181 (v.
1774 2141 1831 2174 lib.
1850 2141 1891 2180 II,

269 2211 321 2233 no.
345 2200 508 2241 73—75).
555 2199 604 2231 De
635 2206 737 2230 aetate
767 2198 812 2230 nil
842 2199 920 2229 certi
950 2204 1090 2237 constat,
1121 2209 1298 2241 quanquam
1331 2197 1460 2229 illorum
1490 2205 1771 2230 monumentorum
1793 2208 1890 2230 unum

268 2257 335 2300 (no.
352 2259 392 2288 68
416 2256 455 2287 ef.
475 2259 516 2288 67
526 2256 559 2298 b)
583 2257 740 2298 persicam
756 2261 891 2286 aetatem
907 2265 1037 2296 sapere,
1060 2254 1211 2296 pleraque
1229 2253 1484 2285 Ptolemaeorum
1506 2254 1702 2296 temporibus
1723 2255 1891 2286 tribuenda

267 2314 425 2345 videntur.
470 2311 630 2355 Quicquid
654 2319 758 2343 autem
781 2319 913 2350 statues,
938 2310 999 2342 hoc
1021 2318 1143 2342 certum
1167 2311 1227 2341 erit
1249 2318 1280 2341 et
1301 2309 1514 2352 exploratum,
1539 2321 1647 2341 veram
1671 2318 1702 2342 et
1715 2310 1888 2353 legitimam

266 2371 457 2412 scripturam
480 2368 681 2410 phoeniciam
709 2370 742 2400 in
774 2368 987 2399 monumentis
1014 2366 1219 2409 Aegyptiacis
1248 2377 1310 2398 non
1335 2365 1428 2397 aliter
1449 2367 1651 2398 iudicandam
1675 2378 1764 2405 esse,
1796 2374 1889 2408 atque

266 2427 300 2457 in
328 2425 598 2464 Atheniensibus,
634 2430 666 2455 et
699 2426 940 2467 peregrinorum
972 2423 1136 2455 hominum
1164 2434 1256 2462 esse,
1288 2424 1342 2466 qui
1365 2424 1400 2455 in
1422 2422 1567 2465 Aegypto
1590 2424 1751 2455 civitatem
1784 2422 1889 2463 adepti

265 2488 375 2520 erant,
400 2493 463 2513 non
485 2482 587 2524 ipsius
608 2480 746 2524 Aegypti
768 2482 897 2512 civium.

319 2574 346 2607 ⁸)
365 2576 434 2602 Vide
448 2577 481 2601 de
494 2575 576 2609 ipsius
593 2574 714 2609 Septimii
727 2573 822 2601 Severi
835 2581 928 2599 sorore
946 2574 1043 2608 punice
1111 2574 1200 2600 uicum
1224 2573 1340 2609 linguam
1366 2573 1399 2599 ad
1425 2572 1568 2607 Augustini
1596 2573 1716 2605 adeoque
1744 2569 1887 2596 Justiniani

268 2623 394 2656 loquente
416 2623 550 2657 Spartinni
579 2623 675 2650 Sever.
695 2632 719 2649 c.
742 2624 791 2655 15,
815 2622 848 2648 de
868 2622 974 2655 Apuleji
1000 2623 1042 2648 fa·
1111 2627 1224 2649 aetatem
1246 2623 1405 2656 perdiu-asse
1426 2626 1546 2654 constat,
1568 2630 1595 2647 v.
1615 2621 1660 2645 lib.
1683 2619 1731 2650 IV,
1751 2627 1808 2651 cap.
1828 2620 1854 2644 2.
1876 2621 1886 2651 J

272 2670 354 2703 milia,
376 2671 480 2705 Apnleji
492 2671 608 2707 Apolog.
627 2681 654 2705 p.
666 2673 725 2698 336.
764 2671 834 2707 Quid
848 2670 938 2704 quod?
956 2671 1043 2698 Phoe-
1160 2669 1201 2702 *ἢ
1225 2670 1375 2696 Miscellan.
1396 2670 1520 2704 phoenic.
1539 2678 1565 2702 p·
1586 2669 1638 2693 220
1657 2671 1683 2693 et
1703 2666 1811 2699 pssssim-
