2242 2976
362 268 504 303 INSCR.
521 267 980 302 PUNICO-NUMlDICAE.
1017 267 1146 302 LXIV.
1169 266 1342 301 TRIPOL.
1365 266 1506 300 PRIMA
1526 265 1761 299 BlLINGUlS.
1804 266 1879 303 215

255 365 469 397 monumentis
497 363 661 406 titulisque
691 363 886 395 celebratum
908 374 980 395 esse
1003 373 1159 405 nusquam
1182 360 1333 404 legimus.
1384 361 1491 393 Etiam
1514 360 1594 393 alios
1617 362 1824 403 imperatores
1846 360 1878 390 in

253 421 518 463 inscriptionibus
543 421 709 463 numisque
733 421 852 452 omisso
870 421 998 451 nomine
1014 420 1143 462 proprio
1160 418 1331 460 Augustos
1347 418 1524 461 appellatos
1543 429 1615 450 esse
1626 440 1635 457 ,
1661 418 1740 449 satis
1757 422 1881 447 constat

254 474 304 520 (v.
328 474 454 509 Rasche
484 476 507 510 1.
529 476 595 518 c.):
635 488 654 508 a
683 475 894 519 Tripolitanis
919 483 1025 508 autem
1056 481 1263 507 monumento
1293 474 1478 516 triumphali
1507 475 1563 506 vix
1594 473 1676 506 alius
1706 474 1880 514 imperator

253 525 433 565 celebratus
468 540 517 565 est
550 544 644 576 quam
682 532 858 576 Septimius
894 532 1033 564 Severus
1047 555 1056 570 ,
1102 532 1156 574 qui
1193 531 1289 573 Lepti
1327 542 1443 573 magna
1480 531 1634 563 oriundus
1651 553 1661 569 ,
1698 527 1878 571 Tripolim,

252 591 388 632 patriam
417 600 526 628 suam,
563 596 596 621 et
622 590 806 620 universam
835 588 978 620 Africam
1003 595 1067 620 tum
1090 587 1199 620 multis
1226 589 1413 630 magnisque
1438 587 1603 619 beneficiis
1626 591 1815 623 ornaverat,
1847 590 1881 615 ut

254 646 294 677 ab
316 645 407 678 Afris
427 653 596 688 propterea
618 656 681 677 non
694 646 809 676 annuis
826 651 949 676 tantum
965 644 1154 676 muneribus
1178 642 1305 685 (Aurel.
1319 643 1408 676 vict.
1426 642 1520 675 Caes.
1536 655 1563 675 c.
1578 647 1615 674 41
1627 646 1659 684 ),
1687 642 1744 674 sed
1762 641 1880 673 divinis

252 703 334 733 adeo
361 701 537 734 honoribus
561 708 728 733 ornaretur
750 701 933 743 (Spartian.
960 700 1070 732 Sever.
1093 703 1148 732 18:
1173 699 1339 742 Tripolin,
1363 701 1448 732 unde
1465 700 1618 731 oriundus
1634 704 1713 737 erut,
1737 697 1880 729 contusis

251 757 507 790 bellicosissimis
530 757 701 801 gentibus,
728 758 967 789 securissimam
987 757 1143 795 reddidit,
1168 767 1205 787 ao
1220 767 1332 799 pacem
1349 757 1550 794 diuturnam,
1573 755 1678 787 oleum
1695 755 1879 797 gratuitum,

252 821 285 846 et
306 814 589 847 foecundissimum
612 825 723 857 agrum
747 814 887 845 donavit.
917 813 998 846 lbid.
1014 825 1041 845 c.
1059 816 1114 845 13:
1139 812 1264 844 Horum
1286 806 1384 855 igitur
1403 819 1562 844 tantorum
1578 823 1615 843 ac
1629 817 1693 842 tam
1707 809 1880 841 illustrium

252 872 393 902 virorum
416 892 517 903 ......
548 871 734 902 interfector
755 864 965 917 ab'Afrisut
987 870 1064 901 deus
1087 869 1233 901 habetur.
1278 868 1454 911 Ulpianus,
1489 869 1603 911 digest.
1627 867 1684 899 lib.
1701 869 1742 898 50
1765 867 1813 897 tit.
1839 867 1878 897 15

252 927 292 959 de
328 927 479 959 censibus
508 929 535 966 ξ.
557 930 594 959 8:
633 926 669 958 ln
698 927 809 958 Africa
840 926 1020 969 Carthago,
1056 924 1170 964 Utica,
1210 925 1330 967 Leptis
1353 924 1504 968 magnas
1527 935 1547 956 a
1577 924 1662 955 divis
1691 922 1815 955 Severo
1847 928 1880 952 et

250 983 416 1015 Antonino
444 984 488 1023 [i.
513 994 541 1015 e.
571 982 755 1021 Caracalla,
787 983 901 1014 Severi
922 982 1010 1022 filio]
1039 985 1124 1014 iuria
1154 983 1268 1013 italica·
1293 982 1380 1013 facta
1407 984 1505 1020 sunt)
1529 982 1560 1021 *)
1591 981 1744 1022 cuiusque
1768 980 1880 1020 singu·

250 1038 328 1071 laris
363 1040 397 1070 in
440 1039 584 1071 Africam
618 1039 779 1081 Afrosque
819 1037 1045 1069 benevolentia
1079 1039 1184 1069 numis
1226 1048 1350 1080 quoque
1386 1037 1576 1069 celebratur.
1638 1036 1688 1067 Ex
1725 1035 1776 1066 his
1814 1041 1879 1065 tres

251 1106 501 1127 commemorare
530 1095 633 1138 placet
664 1106 748 1126 anno
779 1093 821 1126 V.
845 1093 880 1126 C.
909 1097 972 1126 956
1001 1093 1096 1136 (post
1125 1092 1202 1125 Chr.
1234 1093 1336 1136 203),
1376 1104 1439 1136 quo
1470 1104 1555 1124 anno
1579 1092 1725 1135 Augusto
1747 1091 1879 1122 iubente

250 1150 428 1185 saecularia
447 1163 565 1194 magna
586 1162 701 1194 pompa
722 1150 842 1193 ubique
857 1149 1017 1182 celebrata
1032 1156 1117 1189 sunt,
1141 1160 1254 1189 cusos,
1281 1149 1320 1182 ab
1335 1149 1493 1182 Eckhelio
1517 1149 1650 1192 (Doctr.
1666 1146 1795 1179 Numm.
1813 1144 1878 1178 VII

250 1219 283 1250 p.
305 1210 376 1240 183.
401 1211 485 1249 185)
507 1209 553 1240 ita
565 1208 769 1250 descriptos:

807 1273 830 1289 „
840 1247 1052 1281 SEVERUS.
1076 1247 1185 1280 PIVS.
1209 1247 1313 1282 AVG.

810 1306 918 1349 Caput
940 1307 1133 1337 laureatum.

250 1361 577 1395 INDVLGENTIA.
608 1362 744 1395 AVGG.
774 1364 852 1404 (in‘t.
881 1362 1037 1393 Severum
1065 1369 1097 1392 et
1119 1360 1341 1402 Caracallam)
1364 1359 1423 1392 IN.
1447 1359 1610 1392 CARTH.
1654 1358 1731 1390 Dea
1755 1358 1878 1389 dextra

241 1419 386 1459 fulmen,
401 1422 539 1452 sinissra
549 1419 675 1452 hastam
692 1424 806 1452 tenens
820 1420 911 1451 leoni
921 1421 1072 1450 currenti
1085 1418 1232 1450 insidens·
1246 1418 1315 1459 (int.
1325 1417 1429 1449 Deam
1441 1415 1621 1448 Caelestem
1637 1426 1664 1457 p.
1674 1416 1762 1453 169),
1778 1416 1878 1445 iuxta

251 1486 366 1518 rupes,
396 1486 443 1508 ex
464 1487 528 1519 qua
551 1487 637 1519 aqua
656 1480 841 1518 promanat.
850 1478 872 1495 “

377 1559 714 1599 „LIBERAL1TAS.
734 1559 873 1599 AVGG.
919 1558 1128 1590 Liberamoe
1146 1563 1248 1590 stans.
1271 1559 1358 1601 Arg.
1387 1557 1494 1600 (Mus.
1519 1554 1704 1598 Caesar.)“

377 1639 399 1656 „
408 1615 529 1649 ARCV
531 1617 565 1648 S.
593 1616 730 1649 AVGG.
761 1616 794 1647 S.
826 1615 863 1648 C.
908 1615 1019 1647 Arcus
1041 1614 1249 1656 triumphalis
1270 1617 1368 1646 trium
1392 1618 1565 1656 portarum
1594 1614 1715 1644 statuis
1738 1618 1877 1653 mperue

251 1676 424 1716 ornatuess
1217 1679 1218 1682 ’

377 1729 485 1770 Quid‘!
515 1730 598 1772 quod
621 1728 818 1761 verosimilia
841 1728 934 1760 nobis
957 1729 1137 1759 coniectare
1160 1727 1325 1766 videmur,
1358 1728 1385 1758 si
1409 1726 1469 1758 hoc
1492 1728 1582 1768 ipso,
1613 1735 1706 1767 quem
1725 1724 1877 1760 diximus,

249 1796 335 1817 anno
365 1786 450 1817 inter
478 1785 625 1818 ludorum
657 1785 869 1817 saecularium
899 1782 1045 1816 solennia
1071 1794 1216 1826 novaque
1237 1782 1395 1815 beneficia
1417 1783 1449 1814 in
1473 1782 1571 1814 Afros
1598 1780 1716 1812 collata
1738 1777 1879 1821 Tripoli—

249 1850 342 1874 tanos
372 1841 457 1874 hunc
486 1853 594 1873 arcum
624 1840 849 1883 triumphalem
879 1842 997 1882 (etiam
1027 1841 1060 1871 in
1092 1851 1188 1871 numo
1218 1839 1450 1880 memoratum)
1490 1839 1522 1869 in
1554 1837 1709 1869 honorem
1739 1835 1878 1878 Augusti

250 1900 415 1941 posuisse,
446 1905 479 1930 et
499 1898 707 1940 inscriptione
730 1898 862 1940 punica,
894 1908 973 1940 quae
991 1897 1129 1939 Augusti
1153 1895 1263 1939 lingua
1286 1897 1387 1938 patria
1410 1902 1478 1926 erat
1500 1882 1679 1937 (spartian.
1702 1893 1777 1924 Sev.
1800 1902 1828 1923 c.
1847 1894 1876 1922 1.

250 1955 372 1987 Severo
394 1955 507 1986 civitas
531 1954 652 1996 Leptis.
676 1966 703 1987 c.
729 1958 783 1987 15:
826 1964 921 1997 quum
953 1963 1046 1985 soror
1074 1964 1133 1997 sua
1161 1952 1334 1994 Leptitana
1362 1952 1402 1983 ad
1431 1963 1503 1983 eum
1525 1952 1668 1982 venisset
1689 1953 1750 1982 vix
1773 1950 1878 1980 latine

249 2012 383 2053 loquens
406 2033 490 2043 .....
528 2021 554 2043 c.
583 2014 639 2042 19:
669 2012 738 2053 ipse
771 2011 907 2042 decorus
935 2032 1020 2042 .....
1051 2019 1187 2041 canorus
1217 2019 1315 2049 voce,
1355 2010 1412 2042 sed
1444 2008 1568 2048 Afrum
1597 2007 1749 2050 quiddam
1777 2016 1878 2048 mque

250 2068 296 2099 ad
316 2071 514 2100 senectutem
536 2067 672 2109 sonam)
697 2077 828 2099 ornasse
850 2068 1030 2098 statuimus.

378 2138 408 2167 3.
453 2134 565 2167 Verba
582 2135 703 2167 Punica
726 2146 825 2177 nuper
846 2134 1045 2178 legeramus:

859 2193 919 2226 τὴν
942 2200 983 2235 ns>
1008 2202 1052 2227 na
1075 2192 1187 2226 nzbmb
1215 2199 1261 2225 n:

652 2246 776 2280 Domus
799 2249 934 2290 imperii
952 2248 1097 2298 Romani
1118 2253 1186 2280 etat
1210 2251 1246 2280 in
1263 2250 1470 2290 perpetuum.

250 2318 314 2350 Sed
334 2319 437 2360 prima
458 2315 582 2355 littera,
616 2327 707 2359 quam
733 2327 828 2348 nemo
850 2323 938 2347 recte
961 2315 1154 2354 delineavit,
1197 2326 1378 2359 quanquam
1401 2314 1572 2346 Stirumius
1595 2311 1728 2356 reliquis
1750 2310 1875 2348 melius,

252 2371 333 2406 Beth
357 2386 428 2407 esse
451 2385 514 2406 non
537 2380 660 2416 potest:
692 2372 907 2405 abiiciendum
932 2373 1030 2415 igitur
1051 2381 1095 2407 ηπ
1119 2373 1218 2415 (nvn)
1243 2383 1300 2415 per
1321 2383 1356 2404 se
1378 2370 1464 2404 haud
1487 2382 1566 2403 sane
1588 2372 1740 2412 ineptum.
1785 2366 1875 2405 Quae

251 2438 420 2473 supersunt
441 2432 565 2473 primae
587 2429 712 2461 litterae
735 2426 892 2472 reliquiae

303 2528 331 2562 ⁸)
352 2530 426 2556 Idem
446 2530 563 2557 Severus
581 2529 790 2564 Aesculapium,
814 2530 972 2557 Poenorum
998 2534 1026 2556 et
1093 2528 1241 2555 admirator
1258 2532 1331 2561 erat,
1351 2529 1518 2554 mausoleum
1537 2535 1575 2553 ex
1589 2533 1722 2552 marmore
1736 2524 1798 2550 albo
1808 2522 1874 2558 erigi

253 2577 391 2612 speciatim
416 2578 560 2604 Oeensium
587 2588 688 2605 numen
714 2579 826 2605 tulelare
839 2598 848 2612 ,
879 2578 1027 2613 impensius
1095 2577 1200 2617 curavit
1213 2577 1349 2611 (Tzetzes
1361 2577 1468 2603 chiliad-
1485 2578 1497 2602 1
1511 2575 1575 2601 hist.
1591 2573 1644 2606 27).
1664 2572 1758 2598 Eidem
1775 2574 1874 2597 statuas

253 2627 359 2653 colebat
383 2623 460 2656 (nio
479 2629 522 2660 77,
541 2629 575 2654 ¹5
597 2632 624 2654 et
641 2627 807 2661 Hannibali,
837 2627 913 2654 cuius
931 2627 1027 2664 ingens
1095 2625 1232 2654 dedicavit
1241 2626 1388 2658 Caracalla,
1402 2624 1498 2652 Severi
1516 2623 1585 2650 filius
1600 2619 1764 2655 (Herodian.
1781 2618 1871 2652 4,81).
