2242 2976
354 291 430 328 214
478 288 611 322 unsa
626 286 872 320 SECUNDUS.
904 284 1241 318 1Nscmr‘r10Nas
1258 268 1540 320 anomacus.
1568 286 1717 321 carn'r
1733 287 1934 322 sssx'rUM.

356 385 442 427 quod
464 384 583 414 fractus
606 382 648 413 sit
670 380 769 423 lapis,
798 381 854 412 sed
877 381 952 423 quia
974 380 1057 412 fabri
1081 381 1213 412 murarii
1235 381 1475 422 inscriptionem
1494 381 1600 412 minus
1617 389 1782 422 curantes,
1803 389 1835 415 et
1853 384 1977 416 minore

356 440 463 482 lapide
492 449 571 480 opus
603 437 759 468 habentes
788 443 909 479 partem
933 438 1004 468 eius
1026 437 1223 469 deciderunt.
1276 436 1372 475 Quod
1395 436 1436 468 ab
1460 438 1621 469 anteriore
1641 444 1730 480 parte
1753 438 1894 471 decisum
1916 446 1976 477 est,

356 496 564 538 perexiguum
580 501 611 524 et
627 494 698 535 ipsa
715 494 880 535 inscriptio
900 493 946 525 ibi
962 494 1086 536 integra
1099 500 1162 524 est:
1185 504 1205 524 a
1221 494 1396 536 posteriore
1415 500 1537 525 tantum
1554 494 1644 526 deest
1660 501 1812 537 qnantum
1828 494 1868 527 ad
1884 496 1978 527 nnius

356 551 481 583 litterae
504 551 640 592 spatium
665 550 846 592 requiritur.
890 549 1026 592 Lapidis
1047 561 1149 592 genus
1172 561 1340 593 porosum,
1366 556 1402 581 ut
1423 551 1456 581 in
1480 549 1544 582 alio
1567 549 1770 593 Tripolitano
1793 551 1866 593 (no.
1882 546 1956 594 6⁴5).

411 624 414 626 ’
483 621 781 663 interpretationem
803 621 872 652 eius
895 620 1122 660 Ihmxsaus,
1152 619 1292 652 Miscell.
1317 631 1346 662 p,
1363 622 1404 653 77
1427 620 1510 652 hanc
1531 621 1634 653 dedit:

949 691 1071 738 1752*ng
1097 691 1209 737 ruffae}
1230 692 1340 739 affixa:

418 749 462 781 Ut
482 750 634 791 precatio
658 745 729 790 (vel
750 747 902 789 precandi
924 748 1058 789 caussa)
1077 752 1218 790 propter
1239 746 1403 786 d<fectun
1429 745 1501 789 (vel
1514 747 1784 790 exsiccationem)
1808 747 1980 788 canalium,

357 830 438 863 quae
467 819 541 862 quid
570 816 699 848 valeant
725 815 1010 859 palaeographicae,
1050 818 1125 860 quid
1149 815 1360 860 philologice,
1399 824 1432 849 et
1453 827 1547 860 quam
1570 823 1643 860 apta
1664 819 1706 849 sit
1727 816 1800 850 talis
1822 818 1982 851 sententia

357 878 390 908 in
421 886 496 907 arcu
526 871 711 915 triumphali
741 872 888 915 Augusto
918 874 1022 915 posito
1053 874 1085 905 id
1106 872 1279 904 lectoribus
1301 884 1483 916 exponere,
1517 880 1602 906 esset
1623 874 1744 906 iudicio
1766 884 1877 907 eorum
1898 872 1982 906 diffi-

357 934 442 964 dere.
486 930 599 962 Verba
627 929 728 961 latina
757 930 785 961 is
815 930 861 961 ita
888 928 1036 972 supplere
1066 929 1207 962 volebat:
1246 928 1442 972 Augustales
1474 930 1623 962 Suffetes.
1674 929 1782 973 Magis
1805 929 1982 963 laudandus

357 990 589 1021 Lus-nummus
620 986 682 1028 (de
714 987 810 1017 inscr-
840 985 945 1018 Melit.
975 997 1007 1028 p.
1033 987 1113 1027 49),
1151 987 1204 1028 qui
1234 985 1442 1027 plurimarum
1471 993 1558 1018 certe
1587 986 1764 1019 litterarum
1794 993 1980 1030 potestatem

358 1053 444 1078 recte
468 1043 639 1081 intellexit,
662 1052 842 1085 quanquam
866 1043 979 1073 miram
1001 1041 1176 1084 exsculpsit
1197 1042 1403 1073 sententiam:

546 1114 608 1148 ΕΒ,
629 1121 719 1157 opta:
742 1113 854 1146 n=⁷27=b
878 1121 915 1145 n:
1133 1112 1279 1143 torcular
1302 1114 1443 1154 reginae
1465 1114 1502 1143 iu
1523 1112 1594 1144 Ioco
1612 1115 1765 1155 perenm·-

487 1183 579 1222 Quae
602 1195 660 1216 nos
683 1194 785 1227 nuper
807 1183 952 1214 dedimus
977 1179 1156 1224 (palaeogr.
1172 1181 1308 1212 Studien
1332 1191 1364 1223 p.
1385 1181 1446 1223 71)
1475 1191 1517 1213 ex
1547 1181 1730 1225 apographo
1753 1180 1980 1224 Ali-Beyano,

358 1244 392 1274 in
415 1253 480 1274 una
500 1240 608 1273 littera
631 1250 715 1271 nunc
737 1238 841 1281 lapide
865 1239 1046 1270 examinato
1069 1237 1271 1268 retractanda
1293 1246 1382 1269 sunt:
1407 1238 1509 1280 magis
1531 1245 1638 1270 autem
1661 1238 1877 1278 emendanda,
1899 1248 1982 1281 quae

358 1299 405 1332 ibi
426 1298 466 1329 de
488 1298 694 1339 inscriptione
717 1295 819 1326 latina
838 1295 999 1332 diximus,
1038 1304 1133 1338 quam
1155 1293 1268 1325 eodem
1298 1303 1396 1336 pravo
1427 1293 1612 1337 apographo
1635 1294 1761 1337 decepti
1782 1294 1983 1338 Augustalis

358 1354 517 1395 affectus
538 1351 687 1395 legimus.

486 1433 516 1461 2.
560 1428 673 1460 Verba
695 1429 781 1460 enim
808 1426 907 1459 latina

1005 1468 1122 1503 AVG.*
1135 1469 1247 1502 SVI-'E
1259 1493 1266 1502 .
1279 1493 1288 1502 .

358 1542 426 1582 (ita
454 1540 558 1577 enirn,
599 1549 662 1569 non
692 1537 833 1576 SVFR,
874 1539 906 1568 in
934 1536 1040 1580 lapide
1068 1539 1137 1580 ipso
1165 1539 1231 1579 est)
1260 1538 1349 1569 arcui
1380 1536 1566 1580 triumphali
1587 1534 1787 1580 Tripolitano
1808 1538 1980 1581 inscriptas

359 1596 443 1628 haud
466 1594 562 1626 dubie
584 1592 779 1636 supplendae
803 1601 892 1625 sunt:

790 1659 1008 1693 AVGVSTO
1029 1660 1195 1702 SVFE(S)
1227 1659 1276 1692 vel
1300 1659 1479 1702 SVFE(T).

484 1728 592 1763 AVG.
615 1739 672 1772 pro
695 1727 911 1760 AVGVSTO
934 1729 1119 1771 pertritum,
1150 1738 1182 1759 v.
1210 1727 1336 1759 Rasche
1357 1728 1441 1760 Lex.
1465 1730 1662 1760 nummariae
1686 1729 1724 1768 1,
1748 1739 1778 1772 p.
1801 1731 1880 1760 1281
1905 1738 1933 1759 v.
1951 1739 1981 1760 c.

357 1787 463 1822 AVG.
486 1786 551 1819 ΕΡ.
574 1786 601 1817 E
630 1787 651 1817 i.
677 1796 705 1816 e.
735 1785 883 1828 Augusto
909 1785 1043 1828 Ephesii
1074 1786 1107 1816 in
1139 1795 1236 1816 numo
1257 1791 1410 1827 argenteo
1430 1784 1622 1828 Vespasiani
1647 1783 1795 1826 (Eckhel
1812 1783 1916 1817 Catal.
1938 1783 1981 1824 II,

357 1857 390 1887 p.
417 1848 487 1876 121.
518 1843 620 1882 130),
659 1840 764 1872 AVG.
795 1842 816 1873 i.
838 1852 865 1873 e.
898 1841 1063 1884 Augusto,
1096 1842 1129 1872 in
1160 1851 1256 1872 numo
1287 1851 1384 1872 aureo
1414 1840 1611 1883 Vespasiani
1637 1841 1689 1883 (v.
1718 1839 1845 1873 Rasche
1865 1839 1889 1873 l.
1913 1840 1980 1883 e.)‚

357 1899 467 1932 ROM.
498 1898 556 1929 ET
587 1897 691 1929 AVG.
720 1899 743 1929 i.
766 1909 795 1929 e.
827 1897 948 1930 Romae
979 1904 1011 1929 et
1039 1897 1206 1940 Augusto,
1242 1898 1274 1929 in
1305 1897 1411 1929 numis
1442 1897 1557 1928 obviis.
1607 1894 1753 1929 Alterum
1790 1895 1980 1929 vocabulum

357 1954 509 1998 supplere
546 1960 634 1995 potes
674 1953 725 1984 vel
761 1953 899 1985 SVFES
935 1953 1091 1996 singulari
1124 1965 1277 1993 numero,
1315 1952 1367 1984 vel
1395 1951 1560 1996 pluraliter
1591 1951 1765 1992 SVFET„
1795 1960 1889 1995 atque
1918 1952 1980 1985 boc

358 2012 518 2056 posterius
548 2011 650 2052 magis
681 2009 867 2051 probabile,
906 2010 1164 2052 quandoquidem
1193 2017 1336 2052 tempore
1368 2008 1584 2040 Romanorum
1622 2007 1759 2052 singulis
1796 2010 1980 2052 municipiis

358 2076 391 2101 et
413 2067 547 2099 coloniis
569 2065 677 2108 plures
701 2067 923 2108 magistratus,
947 2065 1061 2107 quibus
1085 2065 1231 2097 Sufetum
1254 2064 1364 2096 titulus
1389 2075 1560 2096 concessus
1577 2071 1663 2104 erat,
1687 2064 1865 2108 praefuisse
1882 2071 1979 2097 testes

359 2124 515 2156 habemus
549 2124 772 2164 inscriptiones
810 2133 861 2164 ap.
894 2121 1066 2153 Gruterum
1096 2132 1125 2163 p.
1146 2123 1210 2153 470
1239 2132 1291 2153 no.
1319 2125 1333 2152 1
1374 2121 1433 2162 (cf.
1455 2120 1512 2153 lib.
1534 2120 1595 2160 lv,
1618 2132 1687 2164 cap.
1709 2121 1751 2163 3)
1778 2127 1811 2152 et
1847 2117 1979 2153 numum

339 2168 657 2221 'carthaginensem
688 2189 782 2221 quem
807 2178 951 2210 dedimus
973 2177 1037 2208 tab.
1063 2180 1122 2216 16,
1160 2177 1220 2209 hac
1250 2177 1441 2220 epigraphe:
1466 2178 1597 2210 ‘Aristo
1626 2176 1822 2209 Mutumbal.
1855 2177 1979 2210 Ricoce

360 2235 432 2276 Stes
451 2236 473 2267 i.
495 2245 524 2265 e.
554 2234 699 2273 sufetes,
739 2236 770 2266 in
806 2234 922 2277 quibus
960 2235 1094 2266 duorum
1128 2234 1269 2266 sufetum
1300 2235 1431 2266 nomina
1459 2239 1638 2266 occurrunt.
1689 2233 1752 2266 Pro
1782 2243 1847 2265 uno
1874 2233 1978 2266 sufete

358 2301 531 2336 provocare
555 2291 657 2333 possis
680 2291 720 2321 ad
745 2301 814 2321 eam
835 2292 1096 2333 inscriptionem,
1134 2301 1214 2333 quae
1237 2302 1287 2333 ap.
1310 2290 1481 2322 Gruterum
1509 2289 1531 2322 l.
1552 2301 1579 2321 c.
1602 2300 1736 2322 numero
1756 2290 1897 2322 secunda
1918 2297 1978 2331 est,

359 2352 514 2391 „agente
548 2347 672 2378 Celere·
689 2346 868 2378 Milclmniae
907 2347 1064 2378 Gulalrae
1088 2346 1170 2385 filio
1201 2346 1376 2386 Sufete,“
1414 2347 1471 2379 sed
1507 2352 1630 2388 poterat
1659 2345 1740 2378 illud
1769 2346 1809 2378 de
1839 2345 1979 2389 hospitio

357 2405 473 2439 foedus
502 2410 617 2446 agente
643 2413 708 2434 uno
737 2402 849 2434 Sufete
878 2403 1019 2434 iunctum
1046 2414 1135 2442 esse,
1171 2402 1247 2435 licet
1273 2402 1381 2446 plures
1409 2403 1583 2445 municipio
1612 2408 1807 2449 praeessent.
1859 2401 1980 2436 Contra

358 2463 394 2494 in
414 2459 563 2504 publicae
593 2459 810 2500 inscriptionis
841 2457 1016 2490 honoribus
1039 2460 1225 2501 imperatori
1254 2458 1400 2492 Romano
1428 2459 1565 2490 decretis
1586 2459 1682 2490 totius
1705 2454 1835 2491 senatus
1859 2461 1977 2493 mentio

359 2518 542 2550 necessaria
565 2522 642 2547 erat.

486 2580 571 2613 Cave
599 2590 676 2611 vero
708 2579 840 2617 credas,
878 2578 1063 2621 Augustum
1087 2579 1304 2620 inscriptionis
1326 2586 1456 2611 nostrae
1478 2589 1550 2610 eum
1574 2589 1663 2618 esse,
1698 2581 1753 2622 qui
1775 2579 1844 2612 κατ’
1870 2580 1978 2622 ἐξοχὴν

359 2640 403 2670 ita
433 2636 629 2680 appellatur,
666 2634 881 2668 Octavianum
909 2634 1105 2678 Augustum,
1139 2646 1232 2677 quem
1263 2636 1303 2667 de
1331 2635 1459 2668 Africae
1485 2635 1659 2677 provinciis
1688 2638 1845 2669 memisse
1868 2637 1976 2680 ibique
