2242 2976
571 293 688 327 NUMI
711 292 872 327 ClLICII.
918 294 1008 327 VIII.
1031 292 1258 327 INCERTAE
1281 292 1473 326 CILICIAE
1497 292 1650 326 URBES.
1844 295 1922 331 287

293 391 371 422 viris
393 389 510 427 doctis,
532 400 604 421 cum
628 388 807 421 litterarum
829 388 1022 420 Punicarum
1045 395 1112 420 tum
1129 389 1177 420 rei
1192 389 1435 419 numismaticae
1453 387 1596 430 alioquin
1611 398 1675 419 non
1691 388 1848 430 imperitis
1870 389 1919 429 (v.

292 445 443 478 Muenter
464 445 542 477 iiber
567 445 740 477 Sardische
760 445 849 477 ldole
873 455 901 487 p.
917 445 992 487 12):
1032 456 1128 488 quum
1152 455 1194 477 ex
1214 444 1409 487 imaginibus
1434 451 1556 477 certum
1578 444 1845 487 exploratumque
1866 445 1919 482 sit,

291 512 364 533 eum
394 502 434 533 ad
463 500 568 533 Siden
597 501 814 545 Pamphyliae
842 503 1004 544 pertinere
1036 502 1086 543 (v.
1117 501 1265 533 Mionnet
1296 500 1318 532 l.
1345 502 1410 542 c.):
1448 501 1690 543 litterarumque
1719 500 1919 532 characteres

291 569 309 589 a
343 558 526 590 Phoeniciis
554 560 727 590 maximam
759 566 879 601 partem
909 559 1055 590 diversae
1079 560 1118 590 ad
1141 559 1395 600 antiquissimam
1419 558 1588 589 Persarum
1612 559 1798 600 scripturam
1824 558 1919 599 perti-

291 623 387 646 neant
409 615 458 656 (v.
480 626 512 657 p.
537 616 608 656 71).
651 615 775 647 Eodem
798 615 893 646 modo
910 614 1254 647 Pseudo-Phoeniciis
1277 615 1535 648 annumerandus
1559 621 1608 646 est
1631 625 1747 646 numus

416 684 456 716 T.
501 683 712 727 Sagittarius
732 685 943 727 hippocampo
965 695 1064 726 super
1084 685 1190 716 undas
1212 690 1340 724 vectus,
1375 685 1461 717 infra
1491 688 1607 727 pincis.
1637 685 1666 726 )(
1694 683 1827 717 Noctua
1849 694 1917 715 cum

280 742 424 784 flagello
446 745 480 773 et
502 742 604 780 lituo,
643 742 684 773 ad
713 742 858 773 dextram
893 743 986 784 signa
1014 741 1208 781 Phoenicia,
1248 752 1278 773 v.
1309 741 1458 773 Mionnet
1481 742 1525 781 V,
1549 753 1579 785 p.
1604 744 1665 773 643
1690 752 1742 773 no.
1768 742 1918 772 17—25.

290 797 421 829 Recueil
443 798 501 829 des
523 797 682 830 Planches
704 798 770 830 tab.
798 801 839 829 29
861 809 913 829 no.
936 801 1002 830 9——
1017 801 1068 830 14.

415 870 522 902 Huius
553 870 680 912 quidem
708 869 798 901 numi
828 870 861 900 in
893 867 1057 900 nonnullis
1087 868 1244 911 exemplis
1276 879 1371 911 quum
1399 868 1548 912 legantur
1570 870 1664 911 signa
1684 867 1742 911 ΙΙΙΙ
1768 877 1812 907 Λ
1847 874 1884 913 0
1904 896 1914 913 ‚

288 929 535 962 Bellermannus
574 928 689 971 (phiin.
719 928 863 961 Miinzen
895 927 910 959 I
937 939 970 970 p.
1003 931 1043 959 14
1073 930 1160 971 sqq.)
1206 929 1268 960 duo
1299 931 1408 972 priora
1436 929 1566 973 legebat
1596 937 1645 967 ³5,
1682 934 1714 958 et
1742 928 1795 959 Aa·
1824 929 1914 970 (Ἢ),

262 981 265 983 ’
286 985 486 1019 Palaestinae
503 986 620 1017 veteris
638 985 799 1028 oppidum,
816 995 887 1016 esse
903 984 1043 1026 putabat.
1089 983 1193 1021 Quam
1210 987 1403 1017 sententiam
1420 985 1471 1016 vel
1487 986 1547 1017 hoc
1565 985 1750 1017 dissuadere
1768 981 1916 1023 debebat,

287 1050 371 1092 quod
400 1050 432 1080 in
465 1047 538 1080 aliis
565 1059 626 1091 pro
655 1049 699 1078 ἢ
719 1049 761 1091 0
792 1047 911 1089 legitur
939 1046 1044 1078 solnm
1071 1049 1134 1090 Ο,
1157 1049 1191 1079 in
1214 1047 1286 1080 aliis
1306 1049 1387 1080 adeo
1404 1049 1609 1080 manifestum
1626 1048 1726 1080 Mem.
1760 1048 1823 1079 Sed
1840 1049 1914 1090 quid

285 1111 405 1145 multat
435 1110 492 1143 illa
508 1112 602 1154 signa
618 1110 797 1143 numeralia
812 1116 904 1150 sunt,
929 1109 1082 1152 epocham
1100 1112 1189 1142 nnn‘ii
1206 1111 1396 1151 indicantes,
1419 1113 1466 1143 ita
1482 1112 1609 1154 quidem
1628 1118 1663 1142 ut
1683 1115 1725 1157 0
1748 1122 1914 1143 numerum

284 1174 504 1210 vicenarium,
538 1173 582 1203 (ἱ
625 1171 813 1210 denariam,
851 1178 873 1202 72
905 1174 1129 1202 centenarium
1157 1170 1320 1213 significet
1355 1173 1407 1214 (v.
1433 1183 1509 1214 pag.
1535 1174 1575 1203 87
1599 1177 1630 1202 et
1652 1171 1755 1212 270)=
1800 1181 1914 1202 numus

284 1234 353 1274 ipse
376 1238 482 1263 antem
504 1237 590 1262 recte
612 1229 803 1262 observante
825 1229 994 1261 Mionneto
1016 1229 1039 1261 l.
1059 1241 1086 1262 c.
1111 1231 1216 1262 numis
1237 1231 1377 1262 Persicis
1406 1231 1667 1263 annumerandus
1697 1238 1745 1262 est
1774 1232 1806 1261 in
1836 1220 1914 1261 Asia

286 1290 428 1325 minore,
458 1288 491 1319 ni
514 1286 626 1325 fallor,
657 1287 753 1318 cusis.

413 1358 466 1388 Ad
491 1357 827 1388 Pseudo-Phoenicia
848 1355 949 1388 semel
972 1355 1096 1388 delatus
1112 1357 1196 1389 addo
1211 1368 1343 1389 numum
1359 1358 1393 1389 in
1410 1357 1595 1388 Phoeniciis
1610 1366 1705 1398 saepe
1718 1358 1912 1387 recensitum

414 1426 456 1459 U.
507 1428 566 1460 Vir
595 1427 699 1460 nudas
730 1436 811 1469 equo
840 1431 961 1459 vectus.
995 1427 1022 1468 )(
1059 1427 1184 1459 Hir-cus
1212 1427 1302 1460 hami
1321 1428 1459 1466 cubam,
1498 1438 1595 1469 supra
1617 1428 1710 1469 signa
1731 1428 1911 1468 peregrina.

286 1486 373 1518 Vide
401 1485 551 1517 Mionnet
578 1483 616 1516 T.
645 1483 693 1515 ΙΙΙ
722 1495 752 1525 p.
777 1486 858 1522 568,
902 1483 942 1516 cf.
965 1483 1097 1516 Recueil
1120 1484 1176 1516 des
1200 1475 1357 1516 Planches
1383 1484 1446 1516 tab.
1472 1487 1513 1516 22
1542 1494 1593 1515 no.
1616 1486 1756 1521 9-12,
1796 1484 1850 1524 qui
1872 1483 1911 1514 ad

286 1542 479 1575 Celenderin
504 1541 638 1573 Ciliciae
659 1547 746 1572 recte
768 1539 876 1571 refert.
920 1541 1063 1572 Litterae
1086 1551 1162 1572 vero
1184 1541 1235 1573 his
1250 1540 1375 1573 similes
1393 1547 1576 1583 comparent
1591 1541 1623 1571 in
1639 1538 1911 1581 inscriptionibus,

287 1611 365 1643 quas
387 1599 486 1631 edidit
506 1597 610 1640 perill.
635 1598 675 1629 de
699 1597 875 1635 Hammer,
899 1596 1016 1628 Reiscn
1040 1598 1072 1628 in
1096 1598 1148 1629 die
1168 1597 1314 1629 Levante
1336 1608 1408 1639 pag.
1435 1599 1506 1629 189.
1528 1598 1600 1628 190.

773 1787 1023 1819 CAPUT
1067 1787 1198 1820 TER
1227 1788 1298 1820 TI
1325 1788 1426 1821 UM.

389 1866 540 1904 NUMI
576 1864 841 1902 SICILIAE
877 1865 949 1901 ET
983 1864 1411 1902 ADIACENTIUM
1446 1863 1806 1902 INSULARUM.

412 1967 518 2010 Ipsius
539 1965 671 1998 Siciliae
694 1966 783 1997 numi
805 1965 924 1997 Punice
947 1967 1092 2008 inscripti
1107 1967 1269 2004 omnium,
1294 1967 1347 2008 qui
1363 1972 1508 2005 exstant,
1532 1976 1701 1997 numorum
1715 1965 1908 1997 Punicorum

252 2030 254 2032 '
286 2026 382 2068 longe
404 2023 636 2066 elegantissimi
659 2029 690 2053 et
711 2033 858 2064 magnam
882 2029 1004 2064 partem
1026 2024 1164 2054 eximiae
1189 2022 1330 2054 fabricae
1353 2029 1437 2054 sunt.
1482 2022 1640 2064 Exempla
1662 2024 1769 2060 etiam,
1792 2023 1908 2064 quippe

285 2083 458 2114 maximam
480 2086 602 2122 partem
625 2085 777 2122 argentea
799 2079 1010 2120 (paucissima
1032 2090 1130 2111 aurea
1152 2086 1245 2118 sunt,
1276 2089 1306 2110 v.
1326 2078 1474 2111 Mionnet
1496 2077 1536 2110 T.
1553 2079 1569 2110 Ι
1592 2090 1620 2120 p.
1637 2081 1711 2117 264,
1734 2089 1793 2110 nec
1808 2077 1909 2110 multa

285 2149 386 2169 aenea
406 2136 553 2168 Mionnet
574 2135 596 2167 l.
620 2146 647 2167 c.
670 2147 699 2177 p.
723 2137 785 2167 270
808 2136 914 2177 sqq.),
945 2137 1076 2169 omnino
1100 2136 1181 2167 bene
1205 2142 1393 2167 conservata
1414 2142 1497 2167 sunt.
1541 2136 1673 2167 Eximia
1693 2141 1798 2167 tamen
1821 2134 1908 2166 litte-

285 2205 391 2225 rnrum
416 2193 514 2235 (quas
539 2193 624 2224 edita
647 2190 796 2233 exempla
819 2202 882 2222 non
905 2200 1055 2223 accurate
1079 2194 1218 2231 imitari,
1250 2193 1306 2224 sed
1321 2194 1353 2223 in
1371 2194 1475 2224 maius
1491 2199 1601 2224 auctas
1611 2191 1769 2233 exhibere
1784 2190 1906 2231 solent)

286 2252 440 2292 parvitate
463 2249 612 2280 effectum
635 2259 707 2280 esse
729 2249 871 2287 videtur,
907 2255 940 2280 ut
963 2247 1172 2280 nihilominus
1200 2248 1390 2291 epigraphae
1414 2260 1477 2280 non
1501 2249 1582 2280 bene
1607 2249 1712 2280 editae
1735 2255 1767 2279 et
1788 2248 1905 2278 iccirco

287 2317 434 2348 magnam
457 2313 576 2348 partem
601 2316 663 2336 non
688 2303 868 2335 intellectae
891 2306 964 2337 sint.
1008 2305 1135 2336 Etenim
1159 2313 1232 2336 ante
1254 2305 1414 2347 Koppium
1438 2316 1548 2337 omnes
1569 2307 1658 2337 numi
1671 2303 1772 2336 Siculi
1786 2304 1905 2334 Punice

286 2363 427 2404 inscripti
457 2363 495 2393 ad
526 2361 719 2393 Panormum
751 2361 863 2393 referri
886 2360 1033 2392 solebant
1060 2360 1111 2403 (v.
1134 2360 1283 2392 Mionnet
1304 2361 1330 2400 I,
1360 2373 1389 2404 p.
1412 2365 1474 2394 264
1497 2362 1608 2405 sqq.):
1644 2362 1697 2393 hic
1732 2358 1904 2391 nonnullos

288 2417 464 2450 Heracleae
503 2419 675 2450 vindicavit
707 2420 758 2458 (v.
788 2429 842 2449 no.
867 2418 939 2459 X):
977 2417 1091 2459 quibus
1120 2428 1179 2449 nos
1208 2416 1431 2459 Syma-manos
1460 2419 1612 2450 addemus
1642 2424 1673 2449 et
1701 2417 1901 2458 illotyenses.

288 2473 370 2505 Sunt
399 2480 503 2505 antem
532 2474 566 2505 hi
598 2475 708 2513 numi,
746 2481 782 2506 ut
808 2474 891 2505 bene
920 2474 1071 2505 observat
1099 2473 1275 2506 Eckhelius
1305 2474 1367 2515 (D.
1390 2473 1431 2506 N.
1455 2474 1496 2506 T.
1517 2475 1533 2506 I
1552 2486 1582 2516 p.
1603 2474 1704 2515 230),
1735 2472 1902 2513 Carthagi·

288 2529 439 2561 nensibus
473 2529 603 2562 Siliciae
641 2529 872 2572 imperantibus
908 2530 948 2562 ab
984 2529 1163 2562 artificibus
1195 2530 1311 2563 Siculis
1340 2533 1425 2570 cusi,
1463 2538 1497 2562 ut
1525 2537 1636 2562 mutuo
1667 2541 1738 2561 curn
1769 2528 1901 2569 reliquis

288 2583 411 2615 insulae
439 2585 553 2617 incolis
582 2588 773 2619 commercio
795 2588 987 2619 inservirent
1010 2586 1171 2629 Poenique
1196 2587 1396 2626 Siculorum,
1431 2587 1512 2629 apud
1537 2598 1616 2630 quos
1638 2587 1763 2628 argenti
1782 2585 1901 2626 signati

288 2652 365 2672 usus
393 2647 480 2678 erat,
517 2641 660 2675 moribus
689 2642 916 2682 assuefierent‚
959 2654 1054 2686 quum
1086 2643 1298 2686 Carthagine,
1339 2651 1373 2675 ut
1403 2645 1546 2681 videtur,
1593 2648 1726 2684 argento
1754 2641 1823 2672 rudi
1855 2642 1899 2672 uti
