2242 2976
565 245 626 280 DE
645 244 852 280 LITTERIS
874 243 1138 279 PHOENICIIS.
1183 248 1211 286 §-
1234 249 1287 280 21.
1321 245 1406 279 JOD
1423 245 1630 279 LITTERA.
1861 250 1907 288 31

410 340 466 373 Ex
487 340 539 373 his
561 340 760 384 plenioribus
782 341 894 372 formis
916 350 992 372 mox
1015 342 1144 384 vigente
1169 340 1400 383 tachygraphia
1428 340 1512 373 aliae
1533 341 1763 373 contractiores
1786 341 1910 374 effictae

282 404 366 431 sunt.
398 396 448 430 Ac
469 399 606 441 primum
628 407 730 440 genus
753 408 808 429 eas
832 395 1053 439 complectitur
1067 396 1250 440 ‘figurarum
1272 399 1411 439 species,
1435 399 1468 430 in
1484 397 1599 440 quibus
1616 408 1731 440 carpus
1746 393 1911 437 Tservatus,

283 455 409 487 medius
431 462 537 486 autem
560 455 682 498 digitus
707 451 821 495 (licoat
843 454 928 485 enim
952 453 1013 486 hao
1034 455 1176 502 imagine
1199 454 1266 495 uti)
1297 456 1411 496 partim
1441 461 1559 497 puncto
1586 454 1765 494 indicatus,
1796 457 1911 498 partim

282 510 378 554 plane
402 513 542 543 omissus
568 518 636 542 est.

506 597 1663 664 ι-ιἼΙ-ιΛΙννΝΖΛα.

282 712 441 746 undecim.
463 724 495 745 v.
507 715 542 746 in
565 712 718 757 carthag.
735 717 767 754 8,
792 713 887 745 duod.
911 711 975 745 Cit.
991 715 1097 752 26,2,
1119 713 1188 745 dec.
1207 717 1285 744 tert.
1308 710 1438 744 Numid.
1462 714 1480 744 5
1495 705 1560 744 lin.
1586 714 1605 743 2
1629 710 1717 759 (bis,
1740 711 1774 742 in
1790 713 1869 746 :5⁸1
1883 719 1915 744 et

282 770 384 812 ’θα-Μ)
407 770 476 803 dec.
494 775 602 814 quart.
624 772 658 803 in
682 770 789 814 Tugg.
813 781 856 802 ex
878 769 1064 813 apographo
1087 767 1256 814 Templii,
1269 769 1337 800 dec.
1356 771 1460 811 quant.
1478 767 1556 800 ibid.
1575 766 1683 800 Carth.
1697 771 1729 807 9,
1746 767 1866 800 Athen.
1882 771 1914 807 3,

281 812 430 868 Syracus.
453 828 487 859 in
509 838 546 861 η’·
536 837 589 871 Ν·
628 827 698 860 dec.
722 831 809 859 text.
834 833 866 858 et
887 831 969 869 sept.
992 824 1097 858 Melit.
1118 828 1149 857 3.
1172 811 1304 856 Numid.
1329 827 1360 856 6.
1387 827 1416 856 7.
1451 822 1542 856 Cilic.
1564 824 1609 856 H.
1633 824 1722 856 Coss.
1745 824 1780 855 F.
1803 823 1846 857 N.
1871 823 1912 856 Ο.

282 882 351 926 Sig.
370 882 420 921 D;
449 884 519 916 dec.
538 889 600 916 oct.
622 884 732 925 Syrao.
755 884 789 915 in
813 893 890 920 Ν’Ν;
923 883 1079 926 decmojn.
1105 880 1192 925 Trip.
1209 885 1228 913 2
1249 879 1307 913 lin.
1320 884 1350 913 2.
1367 883 1398 914 3.
1423 879 1514 914 Coss.
1529 881 1568 912 E.
1587 880 1628 913 Κ.
1658 880 1758 913 Iubae
1780 892 1848 914 sen.
1871 881 1911 913 A.

280 937 319 970 B.
343 938 380 971 C.
410 939 479 983 sig.
506 939 545 972 A.
567 940 607 973 Β.
632 938 668 972 C.
690 939 732 973 D.
762 938 862 971 Vaec.
886 939 923 971 F.
945 938 984 971 G.
1028 937 1175 970 Alterum
1204 948 1306 980 genus
1339 944 1446 969 autem
1476 948 1551 976 eas,
1587 938 1621 969 in
1651 937 1767 980 quibus
1800 949 1914 980 carpus

281 997 421 1028 omissus
443 1003 516 1035 «est,
556 1007 735 1039 quanquam
762 995 856 1039 digiti
886 996 985 1027 medii
1014 996 1048 1026 in
1078 993 1243 1041 nonnullis
1270 993 1385 1040 figuris
1413 994 1489 1036 (no.
1521 995 1573 1025 20.
1603 997 1655 1025 21.
1686 995 1748 1037 22)
1775 996 1915 1039 =vestigia

280 1060 467 1095 supersunt,
492 1051 581 1084 velut

998 1092 1027 1110 23
1074 1107 1077 1109 .
1139 1092 1170 1109 2⁴
1267 1094 1278 1108 2
1285 1093 1295 1110 5
1378 1092 1409 1108 2⁶
1498 1093 1510 1107 2
1517 1094 1528 1107 7
1619 1093 1630 1107 2
1637 1091 1647 1108 8

519 1144 1655 1213 Μ’·ΜΛΓΙΛΞΙΛη)

281 1230 364 1291 (vic.
386 1259 415 1280 v.
439 1248 502 1282 Cit.
520 1255 571 1285 17.
596 1253 686 1285 Coss.
698 1252 741 1287 A.
764 1254 825 1284 via
844 1255 944 1295 primu
969 1251 1033 1286 Cit.
1051 1255 1101 1284 16.
1131 1263 1203 1285 vw.
1219 1264 1282 1285 sec.
1318 1252 1386 1285 Sid.
1413 1251 1455 1285 Ο.
1477 1251 1609 1283 Cossur.
1628 1250 1666 1282 B.
1698 1253 1757 1282 vic.
1782 1253 1858 1281 tert.
1881 1255 1914 1280 et

282 1309 390 1348 quart.
412 1316 469 1338 vas
492 1307 640 1341 Panorm.
662 1309 775 1348 Sard.‚
804 1311 989 1351 vicsqm‘nt.
1015 1307 1106 1342 Coss.
1124 1308 1166 1341 H.
1179 1309 1202 1341 1.
1217 1309 1264 1342 M.
1296 1313 1357 1342 vic.
1372 1314 1460 1342 sext.
1486 1309 1581 1350 Eryo.
1605 1319 1721 1350 saepe,
1752 1309 1813 1338 vic.
1830 1310 1913 1349 sept.

282 1361 343 1394 cit.
357 1365 410 1402 20,
430 1365 459 1395 1.
473 1367 537 1397 vic.
556 1370 619 1399 oct.
636 1364 728 1397 Coss.
744 1364 834 1422 Gn).²
841 1363 1013 1423 oAcoedunt
1026 1365 1200 1397 nonnullae
1217 1365 1280 1398 soli
1296 1365 1489 1426 qumidicae
1503 1367 1679 1408 scripturae
1695 1364 1853 1406 propriae,
1879 1368 1914 1393 ut

797 1479 930 1515 tx„
1051 1439 1150 1507 tet⁸
1296 1471 1368 1527 ν

277 1559 365 1600 (vic.
388 1569 462 1591 non.
491 1571 522 1593 v.
545 1559 676 1593 Numid.
700 1565 736 1601 1,
761 1564 791 1594 3.
813 1567 845 1595 4.
882 1564 960 1594 tric.
978 1572 1064 1593 num.
1091 1560 1190 1592 Vacc.
1212 1559 1337 1592 A—E.
1360 1560 1400 1592 cf.
1420 1559 1458 1591 F.
1481 1554 1519 1591 G.
1542 1559 1624 1602 H.);
1663 1568 1796 1602 quarum
1825 1558 1912 1600 prior

284 1621 354 1646 orta
377 1626 419 1647 ex
442 1627 494 1648 no.
521 1620 578 1656 19,
604 1619 760 1660 posterior
783 1629 825 1651 ex
847 1630 901 1652 no.
923 1621 975 1650 23.
1263 1629 1266 1632 ·

406 1671 444 1704 In
467 1673 554 1705 nulla
576 1674 643 1706 fere
665 1674 773 1707 littera
795 1683 844 1707 est
860 1677 962 1707 maior
977 1674 1153 1717 figurarum
1170 1673 1317 1704 varietas.
1363 1672 1428 1704 Sed
1445 1683 1557 1704 omnes
1571 1678 1677 1703 tamen
1696 1669 1772 1702 illae
1787 1669 1913 1713 figurae

282 1727 377 1760 unam
402 1735 523 1761 tantuin
545 1730 699 1763 familiam
723 1731 879 1770 efficiunt,
904 1738 935 1763 et
958 1729 1104 1773 singulae
1127 1720 1258 1761 totidem
1280 1730 1370 1772 quasi
1390 1736 1521 1761 catenae
1538 1727 1689 1759 articulos
1706 1727 1913 1764 constituunt,

284 1794 419 1826 quorum
443 1785 549 1818 nullus
573 1787 656 1818 demi
675 1794 799 1829 potest,
822 1789 897 1830 quin
921 1788 1073 1819 universa
1096 1788 1197 1818 series
1218 1787 1478 1828 interrumpatur.
1523 1784 1588 1816 Vel
1611 1784 1694 1816 hanc
1717 1784 1758 1816 ob
1781 1794 1912 1815 causam

282 1840 322 1872 de
354 1841 551 1884 singularum
581 1850 752 1885 potestate,
781 1855 862 1887 quae
891 1845 1070 1875 vicinarum
1098 1844 1195 1874 etiam
1219 1842 1394 1874 formarum
1418 1843 1606 1874 auctoritate
1628 1840 1825 1879 illustratur,
1847 1850 1911 1870 non

281 1895 414 1929 multum
435 1898 524 1930 dubii
545 1906 610 1931 est:
640 1900 814 1943 eademque
838 1902 969 1943 insuper
990 1905 1286 1937 monumentorum,
1310 1909 1391 1941 quae
1407 1898 1626 1937 laudavimus,
1650 1903 1802 1929 contextu
1817 1895 1912 1928 locis—

282 1963 343 1994 que
373 1953 537 1996 parallelis
565 1954 658 1997 plene
689 1956 909 2000 cumulateque
940 1956 1179 2001 confirmatur„
1202 1962 1237 1987 ut
1263 1954 1407 1998 singulas
1430 1955 1551 1987 formas
1574 1955 1635 1987 hoc
1657 1954 1729 1987 loco
1750 1954 1911 1996 copiosius

281 2009 446 2041 vindicare
466 2022 739 2053 supervacaneum
762 2014 814 2045 sit.

408 2065 589 2100 Nonnullas
619 2076 741 2101 tantum
764 2069 886 2112 figuras
907 2063 1192 2112 indicare'plaoet‘,
1224 2069 1257 2099 in
1284 2068 1401 2112 q‘uibus
1424 2068 1615 2100 definiendis
1638 2078 1657 2099 a
1679 2064 1912 2099 recentioribus

281 2121 470 2165 quibusdam
483 2124 732 2168 Palaeographis
755 2127 1057 2169 graviter'e'rratum
1081 2129 1139 2157 es't‘.
1185 2124 1230 2158 Ae
1251 2126 1390 2168 primum
1414 2126 1541 2168 quidem
1562 2123 1684 2167 figuras
1707 2134 1760 2156 no.
1785 2126 1834 2155 14.
1859 2123 1908 2152 15.

282 2181 322 2210 22
345 2178 549 2213 Hamakerus
573 2182 680 2221 (diatr.
705 2194 733 2225 p.
756 2186 808 2215 53.
831 2182 969 2215 Miscell.
989 2194 1019 2225 p.
1042 2185 1116 2223 137)
1139 2181 1219 2213 Nun
1243 2192 1314 2213 esse
1337 2189 1445 2224 putat,
1469 2182 1686 2224 Lindbergius
1708 2193 1741 2224 p.
1768 2183 1807 2212 16
1831 2178 1910 2211 Nun

274 2234 395 2275 finale,
420 2237 476 2268 sed
493 2248 564 2280 pag.
579 2241 620 2270 60
637 2238 748 2271 Schin.
779 2239 824 2272 Ut
838 2239 1059 2274 Hamakerum
1076 2239 1250 2276 mittamus,
1275 2239 1328 2280 qui
1345 2237 1432 2270 nulla
1450 2239 1611 2280 opinionis
1627 2249 1704 2270 suae
1722 2242 1911 2280 argumenta

226 2289 230 2295 N
281 2291 387 2332 dedit,
411 2292 653 2350 Lindbergius'
645 2307 676 2327 ιιι
694 2298 835 2338 priorem
851 2297 1043 2328 sententiam
1069 2296 1152 2338 (qua
1168 2294 1222 2337 fig.
1241 2297 1290 2327 15.
1305 2297 1344 2326 22
1360 2293 1434 2326 Nun
1452 2294 1549 2326 finale
1572 2296 1739 2334 statuitur)
1763 2293 1910 2324 inductus

281 2350 336 2380 est
347 2349 470 2382 duabus
487 2351 675 2394 epigraphis
692 2364 860 2386 numorum
877 2353 1082 2401 Sidoniorum
1096 2351 1178 2394 apud
1194 2349 1396 2398 Mionnetuni
1416 2350 1471 2394 (pl.
1485 2355 1527 2395 24
1543 2362 1594 2382 ιιο.
1613 2353 1663 2385 37.
1679 2353 1751 2392 42),
1776 2358 1908 2391 quarum

281 2403 413 2437 alteram
446 2418 504 2439 nos
527 2409 623 2439 etiarn
649 2409 795 2441 dedimus
826 2411 933 2451 (num,
958 2408 1026 2440 sid.
1049 2406 1110 2440 litt.
1134 2407 1203 2450 Ο),
1237 2407 1292 2439 ubi
1315 2406 1425 2450 quinta
1447 2407 1638 2450 epigraphes
1667 2406 1794 2444 littera,
1828 2413 1908 2447 quae

282 2459 359 2492 alibi
388 2462 477 2495 illem
499 2472 546 2496 est
572 2463 665 2506 (Nun
690 2465 789 2498 semel
812 2467 845 2497 in
859 2466 999 2508 Haymii
1020 2464 1204 2508 apographo
1226 2463 1322 2497 valde
1345 2464 1521 2507 suspecto),
1545 2464 1627 2495 hanc
1642 2463 1775 2494 formam
1799 2460 1908 2498 habet,

305 2518 345 2576 ἢ
427 2540 458 2584 ⁶.)
478 2557 485 2565 .
536 2534 579 2565 At
597 2544 672 2565 vero
697 2535 728 2576 1)
746 2535 784 2566 de
800 2533 942 2577 hacipsa
957 2534 1115 2566 Mionneti
1131 2534 1251 2578 figura,
1275 2530 1369 2577 quam
1385 2543 1487 2575 neque
1501 2543 1561 2574 ego
1576 2533 1610 2562 iu
1626 2530 1747 2571 ectypis
1760 2527 1909 2559 Mionne-

283 2603 380 2635 tianis
397 2603 522 2641 inveni,
549 2613 650 2645 neque
667 2601 927 2645 Hohlenbergius
942 2603 982 2634 ‘in
1007 2603 1242 2635 parisiensibus
1258 2603 1355 2639 vidit,
1382 2599 1473 2631 valde
1489 2599 1598 2630 dubito
1622 2595 1805 2638 (facillimus
1821 2596 1906 2627 enim

282 2659 315 2691 in
334 2658 385 2691 his
407 2659 559 2691 Sidoniae
580 2667 727 2691 monetae
746 2659 930 2703 epigraphis
953 2670 1058 2699 error,
1081 2670 1214 2702 quarum
1228 2658 1352 2690 litterae
1367 2663 1398 2688 et
1412 2658 1548 2697 exiguae
1574 2660 1646 2685 sunt
1670 2659 1700 2684 et
1722 2652 1804 2684 male
1828 2663 1906 2684 con-
