2242 2976
480 281 620 314 INSCR.
637 280 1023 314 PUMco-NUMIDIC.
1058 281 1148 314 LVI.
1173 280 1457 313 THUGGENSIS
1471 281 1706 314 BILiNGUIS.
1846 283 1915 320 185

379 376 460 419 (hoc
481 377 548 417 est)
572 381 806 408 monumentum
828 376 979 408 Haawae
992 375 1071 414 filii
1089 374 1252 414 Fameae,
1284 386 1383 407 cornu
1406 374 1536 418 Siggae

376 437 523 465 ministri
542 433 613 464 Dei
631 436 744 465 summi
765 437 798 464 et
820 433 957 474 collegii
976 433 1197 471 sacerdotum,
1227 432 1429 463 sacerdotum
1457 432 1644 465 Tholatltae.

377 489 445 527 aaz·
457 500 534 521 vero
546 493 659 532 posuit
682 489 789 530 (hunc
803 489 946 531 cippum)
964 488 1115 521 Haawae
1122 489 1203 527 filio
1216 486 1362 521 Fameae
1380 489 1583 527 (secundum)
1599 490 1796 522 desiderium
1811 493 1915 533 ipsim-

372 546 472 588 (fuit)
497 546 610 577 doctor
635 545 907 584 sacrzficantium.

373 603 453 634 Meo
477 607 584 634 autem
607 605 735 633 nomine
754 606 791 633 ut
805 601 1007 640 sacrificium
1024 601 1275 633 eucharisticum
1291 623 1389 632 ......
1411 606 1553 634 mactate
1569 607 1602 634 et
1616 605 1754 635 camelos
1764 604 1916 643 feminas»-

1302 668 1421 700 earque
1443 660 1595 701 iugulate

373 715 457 757 (hoc
480 714 573 755 loco)
596 714 688 755 epuli
709 713 892 756 (funebris)
916 725 1031 746 caussa
1053 736 1095 746 ...
1117 714 1268 756 (mense)
1290 713 1420 746 Nz'sane
1443 719 1475 746 et
1498 714 1604 746 Elnle.
1655 716 1730 748 Tum
1753 728 1808 749 vos

374 776 509 804 cantate
531 770 677 812 hymnum
700 771 769 802 illis
791 774 849 812 qni
870 770 964 812 (hic)
989 774 1092 803 atrati
1112 775 1187 802 sunt
1211 775 1243 802 et
1260 775 1462 812 pernoctant
1485 775 1518 803 et
1536 772 1687 813 pluribus
1709 779 1918 806 annumerati

1300 832 1385 860 suut.

415 907 624 951 Quantopere
647 909 726 940 haec
747 907 843 939 lectio
855 931 864 947 ‚
890 909 940 940 cui
956 917 1104 951 tanquam
1119 909 1325 940 fundamento
1340 916 1555 951 superstructa
1571 909 1627 941 illa
1643 911 1873 954 interpretatio,
1897 926 1915 945 a

288 976 364 997 vera
380 964 556 996 litterarum
570 964 807 1007 significatione
822 965 924 1003 absit,
949 972 979 996 et
995 973 1109 1007 sponte
1125 966 1232 997 vident
1243 964 1379 996 lectores
1394 966 1570 1007 scripturae
1586 967 1915 1002 Punico-Numidicae

288 1022 400 1065 gnari,
440 1028 471 1052 et
502 1031 543 1052 ex
573 1021 657 1052 infra
680 1021 823 1052 dicendis
846 1020 1010 1062 apparebit
1045 1021 1138 1062 (nam
1162 1021 1224 1052 duo
1248 1028 1367 1052 tantum
1392 1023 1484 1063 primi
1508 1033 1617 1054 versus
1642 1024 1796 1057 vocabula
1818 1036 1912 1061 nam:

290 1085 322 1109 et
343 1087 379 1121 3:
401 1084 486 1109 recte
509 1077 587 1119 legit
603 1076 828 1115 Hamakerus,
868 1083 899 1107 et
929 1087 969 1107 ne
997 1076 1059 1108 hoc
1090 1077 1217 1119 quidem
1241 1077 1339 1116 vidit,
1369 1078 1452 1119 quod
1475 1078 1555 1109 adeo
1578 1078 1727 1121 Templio
1750 1085 1777 1123 *)
1808 1085 1915 1115 statim

290 1136 323 1166 in
359 1133 469 1166 oculos
499 1134 653 1172 incurrit,
691 1134 723 1164 in
747 1134 851 1175 prima
873 1134 1090 1175 inscriptionis
1112 1139 1201 1175 parte
1224 1133 1324 1164 octies
1346 1135 1447 1175 repeti
1468 1142 1503 1178 3:
1514 1134 1652 1179 filt'ns):
1687 1147 1788 1180 eoque
1811 1141 1915 1172 minus

289 1190 434 1234 singulos
463 1201 591 1221 errores
609 1191 775 1232 exagitare
799 1189 920 1232 placet,
949 1200 1045 1232 quum
1068 1190 1136 1231 ipse
1159 1189 1383 1229 Hamakerus,
1415 1201 1593 1234 quanquam
1618 1194 1730 1231 tacite,
1761 1195 1914 1238 interpre-

290 1249 445 1279 tationem
466 1258 484 1277 a
503 1257 538 1277 se
561 1246 666 1277 datam
689 1246 863 1288 reprobare
886 1247 1048 1285 videatur,
1080 1252 1190 1288 utpote
1213 1257 1255 1277 ex
1277 1246 1460 1288 apographo
1486 1247 1718 1290 negligentiore
1740 1251 1915 1292 profectam

291 1304 408 1345 „quod
435 1302 556 1334 nullam
585 1301 682 1333 fidem
705 1308 827 1333 mereat
850 1309 880 1333 et
904 1313 1043 1344 prorsus·
1071 1304 1241 1344 explicari
1267 1306 1453 1344 nequiverit
1464 1306 1484 1323 ‘⁸
1513 1303 1716 1346 (Miscellan.
1739 1317 1808 1350 pag.
1831 1308 1914 1348 lx).

292 1359 400 1392 Unum
423 1359 592 1391 dicendum
614 1365 662 1390 est
684 1365 809 1400 aperte,
838 1351 1035 1401 nequaquam
1056 1361 1164 1390 omnia
1187 1357 1237 1389 vel
1260 1366 1344 1390 certe
1365 1358 1533 1402 pleraque,
1557 1371 1637 1402 quae
1652 1362 1917 1403 reprehendenda

293 1417 358 1448 sint
383 1418 418 1447 in
444 1414 501 1447 illa
529 1415 813 1457 interpretatione,
850 1414 1023 1457 apographi
1052 1414 1268 1457 negligentiae
1297 1415 1466 1447 tribuenda
1489 1427 1560 1447 esse
1592 1417 1683 1458 (vide
1706 1429 1781 1450 mox
1805 1423 1833 1458 §.
1856 1424 1915 1462 3):

292 1473 348 1504 sed
379 1473 550 1503 maximam
581 1472 700 1502 erroris
723 1478 843 1513 partem
873 1470 1051 1502 litterarum
1080 1472 1228 1513 potestati
1258 1482 1424 1513 perperam
1447 1474 1637 1504 constitutae
1666 1475 1715 1515 (v.
1738 1474 1915 1509 litterarum

293 1528 435 1561 tabulam
464 1527 619 1559 diatribae
649 1527 873 1568 subiunctam)
903 1527 1104 1559 tribuendam
1134 1538 1223 1558 esse:
1258 1528 1340 1569 quod
1366 1527 1416 1559 vel
1438 1539 1479 1560 ex
1503 1540 1541 1560 eo
1564 1538 1712 1571 apparet,
1750 1534 1833 1574 quod
1857 1545 1916 1567 nos

294 1586 350 1625 (ut
373 1586 495 1623 sciunt,
525 1585 578 1626 qui
601 1583 768 1615 nobiscum
794 1584 873 1615 haec
896 1585 1000 1615 studia
1023 1585 1218 1625 tractarunt)
1240 1585 1378 1628 priorem
1395 1585 1613 1626 inscriptionis
1628 1594 1747 1627 partem
1764 1589 1828 1624 iam
1843 1597 1917 1622 ante

293 1640 505 1674 Miscellanea
528 1641 613 1672 edita
636 1641 747 1671 eodem
769 1640 836 1671 fere
860 1641 954 1671 modo
976 1639 1131 1682 legimus,
1161 1647 1255 1683 atque
1278 1652 1362 1671 nunc
1383 1641 1565 1672 faciendum
1588 1649 1732 1684 putamus
1756 1652 1787 1676 et
1805 1648 1916 1689 paucis

294 1699 434 1730 diximus
456 1697 792 1740 (palaeogruplzisclte
807 1696 948 1728 Studien
963 1708 993 1738 p.
1009 1699 1063 1735 83)
1075 1719 1084 1734 ,
1107 1708 1201 1739 quam
1217 1697 1386 1728 verborum
1403 1698 1644 1739 dispositionem
1660 1707 1771 1741 postea
1787 1704 1916 1745 egregie

294 1754 435 1786 firmavit
471 1753 612 1795 Templii
640 1753 879 1795 apographum,
914 1753 998 1795 quod
1028 1752 1169 1784 Londini
1199 1753 1280 1785 mihi
1312 1755 1447 1795 primum
1476 1755 1631 1793 innotuit,
1661 1756 1789 1799 singula
1817 1759 1917 1791 verba

295 1812 423 1853 punctis
445 1811 609 1842 dirimens.

424 1894 453 1924 3.
498 1891 677 1933 Antequam
695 1891 755 1933 ipsi
778 1890 817 1922 ad
836 1891 1075 1933 inscriptionem
1091 1890 1245 1922 Punicam
1263 1891 1531 1933 interpretandam
1557 1903 1615 1925 nos
1637 1895 1852 1937 accingimus,
1877 1897 1917 1928 de

297 1956 448 1982 contextu
470 1949 539 1979 eius
562 1959 603 1979 ex
626 1948 724 1978 variis
747 1946 903 1989 exemplis
925 1947 1149 1979 constituendo
1164 1953 1196 1979 et
1213 1947 1252 1979 de
1272 1946 1447 1980 litterarum
1463 1955 1620 1990 potestate
1635 1957 1720 1983 recte
1735 1951 1918 1985 definienda

296 2005 392 2049 paulo
416 2005 576 2047 copiosius
599 2003 824 2046 disputandum
850 2010 907 2035 est.

426 2083 530 2122 Quum
555 2082 638 2124 lapis
658 2083 728 2124 ipse
750 2083 782 2113 in
806 2072 916 2114 Africa
941 2082 1133 2114 remanserit
1162 2083 1295 2125 eiusque
1315 2094 1356 2114 ne
1379 2090 1525 2126 ectypum
1551 2085 1677 2126 quidem
1699 2087 1732 2118 in
1755 2086 1917 2130 Europam

297 2142 496 2185 pervenerit,
534 2151 575 2171 ex
607 2139 710 2170 tribus
740 2138 795 2180 (ut
824 2138 983 2179 diximus)
1012 2138 1207 2181 apographis
1242 2139 1436 2180 pendemus,
1471 2140 1596 2172 duobus
1624 2141 1812 2184 Borgianis‚
1853 2155 1917 2175 uno

297 2197 500 2240 Templiano.
544 2195 680 2229 Illorum
701 2195 790 2236 prius
812 2205 831 2226 a
851 2194 973 2238 Borgia
991 2195 1061 2236 ipso
1083 2195 1276 2236 descriptum
1298 2195 1338 2227 ab
1356 2196 1544 2228 Hamakero
1566 2203 1628 2229 tam
1647 2200 1789 2240 graviter
1811 2211 1918 2246 repre·-

298 2255 433 2288 hensum
456 2261 522 2293 est,
554 2259 589 2284 ut
611 2251 705 2294 plane
728 2250 841 2283 inutile
864 2258 895 2282 et
918 2250 1012 2282 nihili
1034 2251 1067 2283 id
1090 2262 1161 2283 esse
1183 2259 1291 2294 putes:
1324 2252 1382 2284 sed
1404 2263 1517 2285 revera
1540 2253 1580 2285 ab
1603 2253 1704 2286 altero
1732 2267 1758 2287 s.
1773 2255 1916 2298 ,Borgia-

352 2379 381 2415 ⁸)
407 2382 490 2415 „The
518 2382 661 2413 inscription
690 2381 839 2412 apparently
867 2381 958 2404 relaies
983 2384 1008 2404 to
1034 2380 1073 2404 the
1164 2369 1166 2372 ἱ
1325 2380 1365 2422 7⁷2
1388 2388 1423 2421 ἴῃ
1446 2387 1505 2413 «573
1532 2389 1572 2413 -ffl
1596 2388 1679 2422 3235&
1704 2389 1738 2424 3²
1760 2367 1830 2414 '57:27

301 2434 436 2463 genealogy
453 2429 486 2461 of
502 2439 569 2455 some
588 2438 694 2462 person.
720 2426 767 2458 sor
794 2437 830 2452 wc
843 2420 917 2458 *osten
936 2432 997 2452 meet
1016 2428 1073 2452 wilh
1539 2445 1559 2469 Β
1573 2437 1576 2442 ·
1591 2446 1654 2470 07³
1679 2446 1714 2480 73
1736 2445 1830 2471 ..Ι-,573

1142 2496 1301 2526 poteratque
1328 2501 1392 2518 sane
1419 2493 1557 2527 Templius
1577 2493 1791 2527 interpunctione
1809 2494 1914 2520 adiutus

1143 2539 1208 2565 iuml
1220 2548 1257 2583 ³2
1266 2541 1371 2567 facilius
1384 2540 1542 2577 agnoscere.
1565 2543 1619 2571 Sed
1630 2541 1747 2575 potuisse
1758 2542 1823 2567 illud
1835 2541 1913 2568 etiam

304 2488 320 2503 a
333 2480 410 2511 word,
428 2479 484 2503 tuith
500 2479 622 2510 evidently
634 2479 654 2501 is
670 2477 809 2509 equit-alent
824 2484 847 2500 ιο
866 2483 900 2517 32
920 2476 982 2508 „the
998 2474 1073 2501 son.'‘

302 2527 424 2555 Priorem
443 2527 512 2554 enim
531 2532 632 2562 partem
652 2527 675 2553 is
696 2526 731 2552 ita
749 2526 826 2562 legit:

552 2577 591 2618 '5⁷³
616 2583 651 2620 3²
672 2582 731 2609 ΨΜ
757 2582 792 2618 7³
817 2581 886 2617 7²7⁸
909 2581 990 2608 27'237
1143 2591 1202 2617 sine
1216 2591 1262 2617 tali
1273 2592 1435 2618 adminiculo
1447 2593 1566 2628 agnosci,
1584 2593 1658 2626 prior
1669 2596 1759 2617 nostra
1771 2593 1914 2619 stemmatis

389 2642 420 2665 *t
449 2639 546 2665 '55³5
576 2641 611 2673 13
640 2641 755 2666 ΠἾΝΏ
777 2639 904 2665 mntem-⁴)
928 2638 989 2675 7:2⁸!
1145 2639 1225 2666 lectio
1241 2644 1369 2666 monstrat
1380 2649 1415 2666 ex
1429 2642 1489 2666 solo
1501 2640 1637 2675 Borgiano
1647 2640 1773 2672 exemplo
1787 2641 1915 2673 pendens.

1498 2694 1539 2721 24
