2242 2976
867 254 1297 289 PRAEFATIO.
1822 257 1890 290 XV

394 352 535 390 Multas
549 353 590 389 in
605 351 842 400 difficultates
860 351 1048 388 incurrere
1066 362 1166 394 eum,
1189 351 1253 398 qui
1269 350 1427 399 probam
1443 355 1482 386 ct
1497 350 1682 397 integram
1700 361 1747 388 ne
1767 346 1891 389 dicam

232 433 240 441 ·
270 405 445 455 omnibus
477 418 643 454 numeris
677 417 887 453 absolutam
921 415 1055 452 harum
1082 415 1370 464 epigrapharum
1397 415 1687 452 delineationem
1713 415 1892 454 exhibere

269 483 382 527 velit,
418 482 458 518 id
485 482 597 519 facile
623 482 862 526 fatebuntur,
896 481 1107 528 quicunque
1133 479 1204 516 hoc
1229 480 1270 516 in
1297 491 1432 527 genere
1457 480 1558 517 vires
1582 492 1669 517 suas
1694 482 1893 529 periclitati

269 553 376 584 sunt:
411 558 483 583 nec
507 559 736 596 magnopere
763 545 978 584 mirandum
1004 551 1080 590 est,
1113 545 1153 582 in
1179 545 1251 581 hoc
1276 545 1428 593 negotio
1451 551 1531 581 tam
1556 557 1669 594 saepe
1694 553 1893 594 peccatum

269 623 361 648 esse.
424 612 470 649 In
503 613 629 649 numis
668 612 769 648 enim
805 623 918 660 saepe
951 616 1033 646 tum
1067 610 1211 646 eximia
1242 609 1454 646 litterarum
1489 611 1681 658 parvitas„
1719 611 1892 649 velutin

268 676 516 722 Accensibus,
563 677 860 721 Panormitanis,
901 682 982 712 tum
1018 676 1158 717 detrita
1187 674 1392 711 multorum
1427 674 1689 722 exemplorum
1724 677 1906 713 conditior

269 742 418 779 obstare
439 742 553 787 solet,
586 743 787 790 quominus
813 741 1022 777 litterarum
1051 741 1186 777 ductus
1205 745 1305 776 certo
1330 738 1613 786 dignoscantur:
1644 740 1683 775 in
1704 741 1893 789 lapidibus

268 812 400 843 contra
431 818 567 855 magna
601 818 715 854 saepe
746 817 796 842 ex
829 818 874 842 eo
908 806 1027 843 oritur
1054 805 1270 849 difficultas,
1311 803 1410 852 quod
1436 804 1691 852 inscriptionis
1717 817 1804 842 area
1829 807 1893 843 vel

269 883 402 920 aspera
440 878 497 908 est
538 878 576 908 et
616 872 823 919 inaequalis
859 871 923 908 vel
962 876 1188 919 tempestate
1221 869 1353 913 adesa,
1399 874 1442 904 ut
1473 868 1537 905 vel
1568 869 1692 918 ipsum
1727 869 1892 918 lapidem

268 937 506 973 examinanti
540 936 687 973 difficile
722 937 771 973 sit
806 936 929 980 dictu,
968 942 1096 975 utrum
1130 935 1224 971 haec
1257 935 1372 971 illave
1404 935 1506 971 linea
1541 946 1564 971 a
1597 935 1770 971 statuarii
1808 936 1892 972 stilo

267 1001 439 1048 profecta
464 1012 514 1037 an
541 1013 629 1037 casu
655 1007 738 1037 orta
765 1001 814 1037 sit
841 1001 903 1048 ¹9).
955 1000 1001 1036 In
1029 1007 1188 1048 utroque
1215 1011 1350 1047 genere
1377 1005 1528 1047 praeter
1554 999 1748 1036 oculorum
1774 1001 1893 1037 aciem

267 1066 357 1102 satis
384 1067 641 1114 incorruptam
662 1065 821 1106 subinde
844 1071 926 1101 arte
956 1065 1124 1102 adiutam
1145 1065 1255 1101 nobis
1276 1064 1439 1102 multum
1461 1064 1607 1112 profuit
1631 1064 1761 1100 lumen
1781 1064 1894 1113 idque

268 1130 478 1180 perclarum
505 1137 544 1167 et
567 1137 718 1167 acutum
733 1131 991 1166 monumentis
1007 1130 1055 1167 ab
1072 1131 1178 1166 omni
1193 1136 1300 1178 parte
1318 1129 1536 1165 admotum:
1563 1140 1638 1177 quo
1654 1128 1894 1174 efficiebatur,

269 1202 312 1233 ut
342 1196 551 1232 litterarum
585 1195 720 1232 ductus
754 1196 869 1231 etiam
903 1196 1028 1232 minus
1053 1195 1128 1231 alte
1153 1195 1263 1231 incisi
1289 1195 1352 1231 vel
1382 1193 1529 1238 detriti,
1563 1195 1627 1242 qui
1648 1194 1731 1231 luce
1759 1194 1895 1231 diurna

268 1262 411 1297 utentis
449 1262 567 1297 aciem
611 1261 690 1297 fere
732 1261 891 1308 effugere
932 1260 1096 1305 soleant,
1137 1261 1238 1296 iacta
1270 1260 1407 1296 umbra
1440 1260 1482 1295 in
1516 1259 1651 1296 faciem
1686 1259 1893 1307 prodirent.

269 1326 468 1370 Praeterea
482 1332 694 1362 memoratu
707 1337 785 1361 non
805 1325 1001 1372 indignum
1021 1331 1095 1370 est,
1121 1325 1364 1373 praecipuam
1382 1323 1574 1373 quandam
1593 1312 1895 1372 apographorum

271 1390 499 1429 discordium
538 1401 708 1425 caussam
741 1390 783 1424 in
810 1390 894 1436 ipsa
926 1390 1069 1425 litteras
1093 1389 1286 1425 incidendi
1311 1390 1458 1425 ratione
1482 1390 1645 1437 positam
1670 1401 1760 1425 esse.
1812 1389 1894 1425 Ple-

268 1465 408 1502 raeque
433 1453 534 1493 enim
560 1453 615 1489 ita
639 1452 849 1500 insculptae
876 1459 984 1496 sunt,
1023 1459 1066 1488 ut
1092 1454 1247 1499 quaevis
1273 1453 1374 1489 linea
1401 1454 1555 1490 crassior
1579 1453 1762 1490 fossulam
1789 1455 1895 1501 quasi

270 1518 536 1566 triangularem
575 1517 732 1560 referat,
778 1528 874 1564 quae
912 1517 952 1551 in
983 1516 1120 1564 lapidis
1153 1516 1347 1564 superficie
1388 1517 1466 1551 lata
1505 1517 1546 1552 in
1582 1517 1661 1552 imo
1699 1517 1820 1563 fundo
1853 1519 1895 1554 in

271 1584 480 1632 simplicem
506 1583 646 1618 lineam
672 1587 804 1618 coeat:
841 1592 915 1629 quo
942 1580 1087 1617 factum
1114 1586 1189 1624 est,
1222 1586 1266 1616 ut
1291 1580 1338 1624 ii,
1384 1581 1448 1628 qui
1474 1575 1551 1616 stili
1576 1586 1724 1620 meatus
1750 1582 1792 1617 in
1816 1582 1896 1621 ima

271 1648 420 1687 fossula
449 1646 673 1684 delineando
705 1646 964 1690 imitarentur,
1005 1646 1132 1694 plures
1162 1645 1374 1681 litterarum
1414 1645 1523 1682 aliter
1551 1646 1753 1694 pingerent.
1782 1652 1895 1694 atque

269 1714 311 1750 hi
347 1713 411 1762 qui
444 1725 596 1750 omnem
629 1723 759 1749 earum
793 1712 998 1747 crassitiem
1030 1709 1257 1746 imitandam
1291 1716 1497 1747 censerent.
1557 1708 1668 1753 Quod
1702 1717 1745 1747 ut
1778 1712 1895 1749 semel

269 1779 460 1816 luculento
487 1778 611 1826 aliquo
638 1776 816 1824 exemplo
844 1777 1163 1817 monstrarem‘in
1190 1777 1265 1812 tab.
1287 1775 1491 1812 undecima
1507 1774 1680 1812 Citiensis
1706 1776 1894 1815 secundae

273 1844 367 1880 duas
393 1843 663 1879 delineationes
689 1841 794 1885 dedi,
821 1851 978 1888 quarum
1004 1852 1081 1877 una
1106 1841 1203 1877 hanc
1229 1841 1348 1877 altera
1371 1840 1476 1877 illam
1499 1841 1685 1878 rationem
1705 1843 1893 1891 sequitur:
1944 1878 1947 1883 ,
1970 1872 1972 1875 «

268 1904 417 1946 iri-'aliis
442 1908 625 1956 plerisque
650 1906 898 1955 posteriorem
924 1907 1110 1943 rationem
1139 1912 1288 1943 secutus
1314 1917 1409 1943 sum.

270 2043 445 2075 bussoeulis
465 2042 522 2072 vix
545 2042 630 2072 cerni
653 2047 744 2081 atque
767 2042 901 2082 dignosci
923 2046 1046 2081 queant.

270 2096 423 2136 Equidem
443 2095 506 2135 ipsa
522 2105 575 2124 sua
591 2094 797 2134 magnitudine
812 2094 881 2124 dedi
894 2094 1046 2133 inscriptt.

271 2149 374 2178 Melit.
393 2139 429 2177 19
443 2140 474 2177 a.
492 2147 524 2177 4.
555 2147 671 2177 Athen.
699 2150 729 2177 1.
755 2150 786 2176 2.
824 2147 910 2177 sard.
934 2147 998 2177 cit.
1015 2150 1046 2177 2.

273 2200 380 2232 Carth.
403 2202 417 2230 1
429 2217 468 2222 —-
478 2202 509 2230 9.
525 2200 652 2229 Numid.
673 2202 688 2229 1
698 2198 781 2228 —5.
817 2198 1047 2238 carpentoract.

273 2253 326 2294 (v.
342 2257 381 2284 71
398 2251 457 2291 a),
478 2262 531 2282 no.
551 2253 710 2289 72—-75‚
734 2261 906 2290 numosque
919 2257 951 2281 et
964 2261 1049 2290 gem-

271 2316 338 2336 mas
366 2305 432 2336 fere
459 2315 581 2334 omnes:
620 2304 690 2344 plus
719 2304 861 2334 minusve
887 2305 920 2333 in
948 2304 1067 2340 minus·

272 2363 443 2389 contractae
470 2362 543 2387 sunt
572 2357 673 2387 Melit.
698 2359 729 2386 2.
763 2356 870 2386 Carth.
895 2358 1045 2386 11—13.

271 2410 401 2442 Numid.
418 2412 528 2440 6—8.
554 2409 675 2449 Tripol.
695 2412 724 2438 1.
741 2413 774 2439 2.
798 2408 908 2449 Babyl.
925 2419 979 2438 n0.
996 2410 1056 2449 77,

273 2464 308 2493 in
335 2463 431 2503 maius
460 2466 567 2491 auctae
599 2466 671 2491 sunt
703 2471 814 2501 gemm.
847 2463 989 2491 67—70
1018 2465 1049 2489 et

274 2516 360 2545 numi
395 2524 621 2553 numerumque
657 2513 838 2553 epigraphae
863 2512 1045 2550 nonnullae,

274 2572 311 2596 ut
332 2567 396 2596 Sid.
413 2567 493 2596 U—-
505 2567 556 2604 X,
587 2566 674 2596 numi
696 2567 851 2606 Vagenses
866 2570 896 2595 et
911 2566 1049 2608 Sigenses

276 2618 385 2658 aliique
399 2629 416 2648 a
432 2618 597 2648 Pellerinio
613 2619 711 2659 petiti.
758 2611 808 2648 De
829 2618 1048 2648 nonnullorum

1118 2042 1244 2071 modulo
1258 2042 1334 2072 mihi
1356 2051 1420 2072 non
1439 2046 1567 2078 constat,
1589 2041 1676 2071 velut
1690 2041 1806 2072 Athen.
1822 2046 1841 2073 3
1864 2049 1895 2074 et

1120 2095 1322 2132 citiensium,
1371 2104 1543 2134 quanquam
1573 2095 1752 2126 Poneriana
1782 2094 1895 2125 horum

1119 2147 1259 2186 exempla
1279 2147 1409 2176 fortasse
1429 2157 1533 2176 veram
1553 2146 1790 2186 magnitudinem
1810 2148 1894 2178 refe-

1117 2203 1209 2228 runt:
1246 2209 1357 2239 parvos
1381 2199 1462 2228 enim
1486 2199 1583 2229 fuisse
1604 2198 1662 2228 hos
1683 2199 1815 2239 lapides,
1854 2211 1894 2230 ex

1119 2251 1292 2281 Oxoniensi
1316 2256 1452 2291 apparet.

1183 2302 1235 2344 19)
1260 2305 1310 2333 Sic
1326 2304 1359 2333 in
1374 2303 1558 2334 Atheniensi
1573 2304 1671 2343 prima
1684 2304 1740 2333 lin.
1762 2307 1778 2333 1
1793 2304 1854 2334 litt.
1874 2305 1893 2334 ⁵

1116 2356 1236 2396 plures,
1276 2356 1341 2396 qui⁴
1358 2356 1488 2396 lapidem
1518 2367 1640 2386 mecum
1667 2357 1891 2392 examinabant,

1117 2408 1203 2438 dubii
1233 2414 1337 2446 erant,
1375 2414 1480 2438 utrum
1506 2409 1646 2448 superior
1672 2409 1791 2438 litterae
1813 2409 1894 2438 linea

1117 2465 1181 2490 arte
1202 2460 1281 2490 facta
1311 2471 1349 2490 an
1370 2461 1477 2501 lapidis
1506 2471 1585 2491 vena
1613 2465 1702 2491 esset.
1762 2461 1824 2490 Ubi
1853 2470 1894 2504 ²²1¹,

1117 2513 1235 2554 eetypis
1259 2514 1455 2553 iudicandum
1476 2518 1541 2553 est,
1568 2513 1727 2543 subtiliora
1745 2511 1893 2541 eiusmodi

1118 2566 1293 2598 discrimina
1311 2576 1437 2606 prorsus
1456 2570 1599 2606 pereunt.

1450 2677 1509 2704 e2
