2242 2976
300 283 673 320 PALAEOGRAPHIA
687 282 973 316 COMPARATA.
1011 286 1038 322 §.
1053 286 1106 317 49.
1128 282 1284 315 PRISCA
1299 282 1482 316 ITALIAE
1496 282 1830 317 LITTERATURA.
1855 289 1901 323 71

276 378 473 411 litteraturae
511 377 654 410 Graecae
693 389 735 410 ex
773 377 908 410 Oriente
952 372 1064 409 recens
1100 378 1252 409 advectae
1288 379 1462 420 imaginem
1499 378 1640 411 referant
1657 378 1709 421 *)‚
1753 378 1830 411 licet
1868 382 1899 412 in

276 436 491 467 monumentis
514 434 610 467 hodie
631 433 857 477 superstitibus
879 433 934 464 hic
953 432 1021 465 illic
1044 434 1221 464 recentiore
1238 444 1308 465 cum
1326 433 1461 465 Graecia
1475 437 1666 467 commercio
1679 442 1899 477 temperatam.

407 494 436 522 1.
480 491 560 523 Prae
583 492 718 523 caeteris
738 490 944 522 Phoenicium
969 491 1126 532 originem
1148 488 1272 521 redolet
1285 490 1326 531 **)
1350 494 1494 522 veterum
1510 491 1724 524 Etruscorum
1743 494 1900 535 scriptura

276 550 309 581 in
331 550 414 580 varii
432 549 560 591 generis
582 548 812 584 monumentis,
842 547 982 578 maxime
1013 545 1262 587 sepulcralibus‚
1290 557 1425 589 quorum
1454 548 1612 589 permulta
1633 555 1776 587 exstant,
1814 555 1845 579 et
1866 550 1898 580 in

277 607 346 637 eius
368 605 510 647 regionis
538 605 642 635 nuruis
674 602 855 643 obvia***)‚
885 609 956 643 post
985 601 1203 641 manarum,
1235 602 1416 645 Bwrgetz’,
1447 605 1613 645 praecipue
1646 604 1746 637 Gom·
1765 616 1858 637 curas
1880 616 1900 636 a

274 663 404 695 LANz1o
429 660 576 703 (Saggio
598 660 636 692 de·
654 660 771 701 lingua
792 657 937 690 Etrunca
963 669 981 689 e
1003 658 1041 690 di
1061 659 1148 690 altre
1172 658 1305 690 antiche
1327 659 1357 690 d'
1368 659 1486 691 Italia.
1533 659 1636 691 Roma
1659 664 1742 693 1789
1764 660 1899 694 T.1,11.

276 719 312 751 P.
332 719 358 750 Ι.
377 718 419 750 11.
441 718 480 750 cf.
504 715 629 749 Eckhel
650 715 693 748 D.
710 715 752 747 N.
774 714 801 754 l,
823 726 856 757 p.
872 717 933 746 119
946 714 1027 757 sqq.)
1050 721 1082 746 et
1104 725 1207 757 nuper
1230 715 1270 746 ab
1293 715 1457 753 Odofredo
1473 716 1619 748 Mallem
1642 717 1713 757 (die
1728 705 1900 749 Etruxker.

276 774 411 808 Breslau
433 777 525 806 1828.
545 772 578 812 Ι,
601 775 664 804 406
677 783 744 815 sqq.
768 770 818 810 II,
847 782 878 813 p.
901 773 963 803 290
978 771 1067 813 sqq.)
1098 771 1189 803 docte
1216 770 1393 810 illustrata,
1426 773 1517 804 cuius
1539 772 1660 804 litteras
1684 781 1901 815 repraesentat

276 831 405 864 tabulae
419 837 546 862 nostrae
562 829 720 861 secundae
738 827 886 859 columna
900 826 1000 858 altera
1022 827 1077 869 (cf.
1090 828 1247 860 Lanziurn
1266 827 1290 858 I.
1313 838 1342 869 p.
1359 831 1420 860 208
1436 839 1502 871 sqq.
1524 828 1697 860 Miillerum
1714 829 1755 860 11.
1779 841 1807 871 p.
1824 831 1898 871 294)

275 889 333 920 sed
350 889 396 920 ita
418 888 603 929 dispositas,
635 892 671 917 ut
694 895 764 916 cum
788 883 958 926 alphabeto
979 883 1150 926 phoenicio
1171 883 1297 915 facilius
1320 886 1466 926 componi
1488 886 1626 926 possint,
1656 887 1698 917 iis
1720 885 1898 924 elementis,

276 962 358 995 quae
379 963 398 984 a
421 951 553 983 Graecis
574 950 682 982 addita
704 954 794 987 sunt,
818 955 851 980 ut
874 948 893 984 8
919 948 968 990 (φ)
993 955 1025 979 et
1062 943 1102 990 ψ
1137 949 1179 990 (χ)
1206 947 1302 990 plane
1322 950 1450 980 omissis
1463 949 1509 990 †).

401 1007 453 1040 De
474 1006 610 1050 singulis
632 1005 767 1044 litteris,
792 1015 873 1047 quae
893 1014 936 1036 ex
957 1005 1116 1046 scriptura
1137 1005 1324 1047 retrograda
1344 1007 1462 1047 petitae
1485 1012 1560 1037 sunt
1581 1016 1713 1046 omnes,
1744 1014 1837 1050 atque
1860 1009 1900 1039 de

275 1066 426 1098 universa
445 1063 606 1096 scribendi
629 1063 754 1093 ratione
777 1060 856 1092 haec
879 1067 1006 1092 notasse
1021 1059 1170 1092 sufficiet.
1197 1062 1237 1099 B,
1251 1061 1285 1092 A
1298 1067 1330 1091 et
1347 1061 1374 1092 Ο
1388 1060 1570 1103 (Omicron)
1592 1063 1625 1093 in
1643 1061 1702 1095 hac
1721 1062 1901 1095 litteratura

276 1122 402 1160 desunt,
425 1128 596 1162 propterea
611 1118 694 1161 quod
709 1117 820 1159 lingua
834 1117 968 1149 Etrusca
984 1116 1035 1148 his
1049 1118 1137 1148 sonis
1152 1116 1298 1148 carebat:
1323 1116 1352 1148 Ο
1368 1116 1493 1148 litterae
1508 1117 1655 1160 exempla
1669 1121 1702 1151 in
1720 1121 1901 1162 peregrinis

276 1184 397 1210 tantum
427 1176 523 1208 obvia
549 1182 634 1207 sunt.
679 1174 728 1206 Eo
758 1173 921 1216 alphabeti
949 1172 1038 1212 loco,
1071 1184 1132 1216 quo
1158 1172 1238 1204 Zeta
1266 1172 1463 1205 Graecorum
1494 1180 1558 1213 est,
1590 1174 1667 1206 sain
1691 1176 1899 1214 Phoenicum,

276 1234 356 1266 duas
377 1233 498 1275 figuras
521 1233 704 1274 posuimus,
726 1241 807 1273 quae
831 1229 926 1272 vulgo
947 1231 1073 1272 quidem
1097 1230 1136 1261 ad
1162 1219 1273 1272 Sigma
1294 1229 1532 1269 referebantur,
1560 1230 1644 1263 haud
1674 1231 1770 1264 dubie
1793 1240 1898 1263 tamen

277 1290 423 1322 diversae
448 1289 581 1331 originis
603 1293 678 1319 sunt
701 1289 753 1327 (v.
778 1286 950 1318 Miillerum
974 1276 1007 1328 p.
1030 1286 1112 1327 307)
1137 1292 1171 1316 et
1197 1286 1351 1317 suadente
1380 1285 1485 1328 figura
1515 1287 1555 1319 ad
1581 1287 1659 1319 Sain
1680 1290 1786 1330 potius
1806 1300 1900 1331 quam

277 1347 318 1379 ad
333 1343 469 1378 Samech
490 1345 648 1386 pertinere
670 1344 818 1375 videntur
839 1344 889 1384 (v.
906 1343 946 1373 ad
966 1344 995 1381 ξ.
1011 1345 1065 1382 46,
1087 1345 1115 1374 3.
1137 1345 1179 1373 47
1201 1342 1240 1373 ad
1262 1341 1343 1374 Zeta
1365 1349 1396 1373 et
1418 1342 1562 1384 Sigrna).
1585 1362 1627 1367 —
1650 1344 1796 1376 Ceterum
1822 1356 1900 1376 non-

278 1412 441 1445 nunquam
460 1401 541 1432 duae
558 1399 683 1431 litterae
705 1401 788 1431 inter
804 1410 839 1430 se
854 1409 1020 1430 connexae
1037 1405 1111 1429 sunt
1133 1397 1278 1444 (passeri
1294 1398 1410 1429 Museo
1427 1399 1563 1430 Etrusco
1586 1399 1644 1438 Ill,
1664 1412 1697 1442 p.
1715 1403 1765 1431 87.
1796 1401 1900 1432 Lanzi

276 1457 300 1490 l.
322 1469 350 1490 c.
370 1469 400 1500 p.
423 1459 526 1498 220),
559 1455 685 1487 vocales
707 1455 822 1487 breves
845 1465 934 1486 more
955 1453 1149 1486 Phoenicum
1177 1454 1313 1486 subinde
1334 1455 1483 1487 omissae.
1526 1454 1652 1487 Versus
1681 1457 1714 1487 in
1739 1444 1899 1499 plerisque

277 1514 494 1548 monumentis
517 1523 536 1544 a
561 1512 694 1543 dextera
723 1512 762 1542 ad
792 1510 917 1542 laevam
944 1516 1092 1549 currunt,
1125 1509 1201 1542 licet
1227 1511 1323 1541 etiam
1353 1512 1503 1542 contrarii
1536 1513 1634 1543 moris
1665 1519 1697 1543 et
1724 1514 1899 1554 scripturae

276 1568 517 1613 βουστροφηδὸν
538 1567 692 1600 nonnulla
717 1566 864 1609 exempla
885 1567 992 1598 adsint
1021 1566 1144 1607 (Lanzi
1165 1565 1198 1605 I,
1222 1577 1253 1608 p.
1276 1568 1376 1607 221);
1404 1566 1574 1598 verborum
1600 1567 1762 1599 distinctio
1784 1567 1821 1599 fit
1844 1580 1899 1611 per

277 1625 405 1670 singula
418 1631 552 1668 puncta,
575 1625 631 1656 sed
645 1634 742 1666 saepe
756 1634 838 1666 vaga
860 1629 909 1654 est
930 1630 962 1654 et
983 1624 1168 1655 inconstans
1191 1622 1309 1665 (Lanzi
1324 1633 1352 1664 p.
1368 1622 1452 1663 281).
1495 1622 1545 1654 De
1561 1624 1662 1666 signis
1680 1623 1912 1666 numeralibus,

278 1684 482 1716 Etruscorum
502 1682 611 1723 paucis
633 1681 750 1712 dictum
775 1686 824 1711 est
845 1679 929 1711 infra
952 1681 977 1718 ξ.
997 1682 1046 1711 58.

405 1742 436 1770 2.
479 1737 510 1769 A
530 1737 646 1768 litteris
672 1737 816 1769 Etruscis
839 1747 935 1779 prope
954 1735 1070 1767 absunt
1089 1736 1226 1767 litterae
1254 1735 1425 1767 Umbricae
1447 1737 1480 1767 in
1510 1735 1627 1767 tabulis
1651 1736 1831 1779 Eugubinis
1843 1737 1899 1778 ††)

277 1795 411 1838 aliisque
425 1795 558 1826 minoris
576 1795 728 1825 momenti
744 1792 843 1825 titulis
865 1792 991 1831 obviae,
1016 1792 1055 1823 de
1072 1792 1186 1834 quibus
1201 1793 1376 1824 enodandis
1395 1799 1426 1823 et
1443 1791 1641 1824 illustrandis
1657 1800 1727 1835 post
1739 1793 1898 1825 Lanzium

262 1966 264 1969 Ι
331 1932 360 1966 *)
378 1931 515 1965 Scriptura
537 1935 616 1958 vetus
640 1929 732 1956 Italica
754 1934 857 1956 tantum
882 1937 938 1955 non
965 1928 1053 1955 omnis

279 1991 294 2008 a
320 1982 415 2008 dextra
441 1981 474 2006 ad
498 1981 604 2007 laevam
629 1979 711 2005 currit
737 1986 814 2004 more
840 1977 979 2008 orientali,
1008 1977 1053 2012 qui

278 2031 349 2064 apud
368 2030 501 2062 Graecos,
528 2032 558 2054 ut
574 2028 691 2054 vidimus
709 2027 746 2061 (ς.
764 2027 812 2060 46,
832 2027 871 2060 1),
894 2035 1053 2053 monumen-

278 2083 366 2105 torum
378 2078 459 2104 hodie
474 2077 646 2111 superstitum
667 2080 752 2102 aetate
773 2075 796 2101 si
810 2083 866 2101 non
884 2075 913 2101 in
926 2076 1053 2102 desuetu-

278 2127 367 2154 dinem
383 2126 500 2157 abierat‚
520 2129 593 2151 certe
610 2124 761 2151 rarissimus
779 2128 845 2150 erat.

329 2201 373 2232 ³¹)
399 2200 519 2226 Fuerunt
546 2199 662 2231 iccirco,
699 2198 744 2232 qui
769 2198 898 2224 Etruscos
930 2198 963 2224 ab
991 2200 1052 2231 ipsis

278 2248 456 2275 Phoenicibus
474 2248 574 2273 litteras
594 2246 719 2273 didicisse
739 2246 950 2279 contenderent,
975 2247 1051 2273 velut

278 2297 372 2323 Bnum
400 2305 492 2330 opusc.
515 2297 605 2322 letter.
629 2295 689 2328 111,
721 2304 747 2328 p.
769 2294 838 2327 114,
868 2302 936 2328 quos
954 2295 1051 2321 merito

279 2345 380 2372 refellit
401 2346 432 2372 Ο.
450 2347 578 2371 Μϋῖῖεηιε
595 2345 612 2370 l.
633 2352 656 2370 c.
673 2353 701 2377 p.
720 2344 781 2370 291.

329 2413 383 2449 ***)
402 2415 474 2442 Vide
491 2413 679 2449 inscriptiones
700 2421 858 2446 munorum,
882 2421 1053 2448 gemmarum.

279 2472 421 2497 vasorum,
445 2464 603 2490 laminarum
627 2462 750 2496 variique
769 2461 876 2497 generis
893 2469 1052 2488 monmnen-

280 2516 368 2538 torum
401 2513 554 2538 funebrium
587 2512 656 2545 apud
688 2513 810 2536 Lanzium
842 2513 876 2537 T.
902 2511 937 2537 ll.
975 2513 1003 2537 P.
1028 2513 1052 2544 1,

281 2559 371 2594 ibique
400 2562 453 2587 tab.
488 2561 589 2587 1—16.
628 2561 672 2586 De
694 2561 792 2585 horum
819 2565 1053 2586 monumentorum

282 2612 367 2635 aetate
384 2608 448 2635 vide
466 2609 499 2636 Ο.
512 2609 695 2635 Muranum
712 2609 748 2640 11,
769 2617 796 2642 p.
813 2608 874 2642 315,
892 2608 938 2643 qui
956 2609 1054 2636 seculis

282 2657 408 2683 v—Vlu
427 2661 487 2690 pout
505 2658 539 2684 V.
559 2657 590 2684 C.
611 2666 643 2685 ea
660 2657 761 2684 tribuit.

1173 1927 1208 1962 ᾖ)
1237 1928 1280 1955 Cf.
1315 1928 1426 1954 similem
1458 1920 1711 1963 Lepsii'tabulam,
1744 1931 1776 1955 de
1807 1931 1899 1955 tabulis

1121 1979 1258 2010 Eugubinis
1276 1987 1302 2011 p.
1321 1979 1365 2004 73.

1173 2024 1225 2059 ††)
1251 2027 1335 2052 Teste
1362 2025 1492 2052 Conciolo
1518 2035 1605 2051 novem
1633 2024 1764 2051 eiusmodi
1791 2026 1896 2052 tabulae

1121 2073 1227 2110 Iguvii,
1257 2075 1328 2100 haud
1352 2074 1464 2110 ignobili
1488 2075 1648 2100 Umbrorum
1678 2074 1796 2107 oppido,
1828 2074 1898 2100 inter

1120 2123 1217 2148 rudera
1237 2123 1330 2156 templi
1351 2122 1425 2149 Iovis
1442 2122 1578 2156 Apennini
1605 2130 1677 2148 auno
1700 2121 1767 2148 1444
1791 2127 1897 2156 reperta

1121 2176 1195 2197 sunt:
1221 2180 1332 2205 quarum
1351 2177 1443 2205 septem
1463 2170 1591 2204 (reliquae
1607 2170 1653 2196 ubi
1671 2170 1741 2202 sint,
1769 2170 1895 2202 nescitur)

1119 2220 1242 2255 vulgavit
1267 2221 1459 2245 Dmrsnmus
1483 2219 1512 2245 in
1530 2221 1632 2244 Etruria
1656 2222 1735 2251 regali
1762 2220 1795 2244 ad
1820 2220 1853 2245 T.
1873 2218 1894 2245 1.

1119 2278 1143 2302 p.
1169 2269 1201 2295 91
1238 2269 1273 2294 cf.
1299 2268 1405 2294 Gruteri
1430 2268 1512 2294 Thes.
1538 2267 1618 2293 inser.
1643 2269 1678 2294 T.
1700 2269 1721 2294 1.
1750 2277 1774 2300 p.
1795 2268 1894 2299 CXLI,

1121 2316 1265 2342 illustravit
1284 2319 1394 2342 Lanzius
1412 2317 1440 2342 in
1460 2318 1552 2349 Saggio
1571 2321 1622 2342 cet.
1644 2317 1691 2347 11,
1718 2325 1744 2348 p.
1764 2316 1814 2341 657
1836 2324 1894 2348 sqq.

1122 2365 1155 2391 Et
1179 2366 1273 2390 harum
1303 2365 1410 2398 quidem
1441 2367 1548 2399 quinque
1573 2364 1706 2390 Umbricis
1735 2364 1829 2390 litteris
1853 2364 1896 2389 in-

1122 2412 1236 2447 scriptae
1254 2417 1330 2446 sunt,
1350 2414 1418 2445 duae
1433 2422 1534 2447 eaeque
1555 2413 1686 2438 maximae
1706 2412 1816 2438 Latinis.
1852 2413 1895 2436 De

1122 2466 1208 2487 aetate
1229 2462 1376 2487 tabularum
1396 2462 1498 2488 incerta
1516 2470 1579 2487 saue
1598 2465 1624 2487 et
1638 2460 1717 2486 dubia
1736 2458 1893 2493 disputatio:

1120 2518 1176 2536 non
1194 2510 1397 2536 contemnendis
1425 2515 1513 2536 tamen
1540 2508 1702 2544 argumentis
1722 2510 1827 2540 Lepsius
1851 2510 1894 2531 ta-

1121 2559 1197 2584 bulas
1215 2559 1341 2584 Umbriae
1361 2559 1500 2592 inscriptas
1518 2561 1600 2583 seculo
1618 2560 1677 2589 post
1699 2556 1733 2582 V.
1752 2555 1781 2582 C.
1805 2560 1893 2588 quarto

1121 2608 1153 2633 ad
1170 2607 1250 2633 finem
1267 2607 1401 2641 vergenti,
1419 2607 1521 2632 Latinis
1539 2606 1633 2632 litteris
1650 2603 1790 2636 inscriptas
1811 2605 1893 2629 seculo

1122 2657 1229 2682 secundo
1251 2655 1351 2681 tribuit.
