<?xml version="1.0" encoding="UTF-8"?>
<!DOCTYPE html PUBLIC "-//W3C//DTD XHTML 1.0 Transitional//EN"
    "http://www.w3.org/TR/xhtml1/DTD/xhtml1-transitional.dtd">
<html xmlns="http://www.w3.org/1999/xhtml" xml:lang="en" lang="en">
 <head>
  <title>
</title>
<meta http-equiv="Content-Type" content="text/html;charset=utf-8" />
  <meta name='ocr-system' content='tesseract 3.04.00' />
  <meta name='ocr-capabilities' content='ocr_page ocr_carea ocr_par ocr_line ocrx_word'/>
</head>
<body>
  <div class='ocr_page' id='page_1' title='image "./scripturaelingua00geseuoft_0270.png"; bbox 0 0 2242 2976; ppageno 0'>
   <div class='ocr_carea' id='block_1_1' title="bbox 355 230 1958 299">
    <p class='ocr_par' dir='ltr' id='par_1_1' title="bbox 355 230 1958 299">
     <span class='ocr_line' id='line_1_1' title="bbox 355 230 1958 299; baseline -0.001 -7"><span class='ocrx_word' id='word_1_1' title='bbox 355 261 429 299; x_wconf 84' lang='lat'>236</span> <span class='ocrx_word' id='word_1_2' title='bbox 444 272 449 282; x_wconf 68' lang='lat'><strong>⁴</strong></span> <span class='ocrx_word' id='word_1_3' title='bbox 480 259 612 293; x_wconf 85' lang='lat' dir='ltr'>LIBER</span> <span class='ocrx_word' id='word_1_4' title='bbox 628 255 874 291; x_wconf 82' lang='lat' dir='ltr'><strong>SECUNDUS.</strong></span> <span class='ocrx_word' id='word_1_5' title='bbox 898 230 1236 290; x_wconf 73' lang='lat' dir='ltr'>lecawrloNES</span> <span class='ocrx_word' id='word_1_6' title='bbox 1251 256 1535 291; x_wconf 77' lang='lat' dir='ltr'>PHOENICIAE.</span> <span class='ocrx_word' id='word_1_7' title='bbox 1556 257 1705 292; x_wconf 82' lang='lat' dir='ltr'>CAPUT</span> <span class='ocrx_word' id='word_1_8' title='bbox 1721 258 1958 293; x_wconf 82' lang='lat' dir='ltr'>OCTAVUM.</span> 
     </span>
    </p>
   </div>
   <div class='ocr_carea' id='block_1_2' title="bbox 356 351 1982 560">
    <p class='ocr_par' dir='ltr' id='par_1_2' title="bbox 356 351 1982 560">
     <span class='ocr_line' id='line_1_2' title="bbox 484 351 1979 396; baseline 0.001 -12"><span class='ocrx_word' id='word_1_9' title='bbox 484 352 574 384; x_wconf 83' lang='lat' dir='ltr'>Nihil</span> <span class='ocrx_word' id='word_1_10' title='bbox 596 352 775 394; x_wconf 85' lang='lat' dir='ltr'>fragmento</span> <span class='ocrx_word' id='word_1_11' title='bbox 798 358 909 383; x_wconf 80' lang='lat' dir='ltr'>nostro</span> <span class='ocrx_word' id='word_1_12' title='bbox 933 351 1045 394; x_wconf 88' lang='lat' dir='ltr'>profici</span> <span class='ocrx_word' id='word_1_13' title='bbox 1066 352 1105 383; x_wconf 86' lang='lat' dir='ltr'>ad</span> <span class='ocrx_word' id='word_1_14' title='bbox 1129 362 1180 384; x_wconf 79' lang='lat' dir='ltr'>res</span> <span class='ocrx_word' id='word_1_15' title='bbox 1205 351 1400 384; x_wconf 78' lang='lat' dir='ltr'><strong>Phoenicum</strong></span> <span class='ocrx_word' id='word_1_16' title='bbox 1422 354 1456 384; x_wconf 86' lang='lat' dir='ltr'>in</span> <span class='ocrx_word' id='word_1_17' title='bbox 1476 352 1622 396; x_wconf 82' lang='lat' dir='ltr'>Aegypto</span> <span class='ocrx_word' id='word_1_18' title='bbox 1644 353 1868 394; x_wconf 68' lang='lat' dir='ltr'>illustrandae,</span> <span class='ocrx_word' id='word_1_19' title='bbox 1898 354 1979 387; x_wconf 84' lang='lat' dir='ltr'>nihil</span> 
     </span>
     <span class='ocr_line' id='line_1_3' title="bbox 356 408 1980 451; baseline 0.001 -9"><span class='ocrx_word' id='word_1_20' title='bbox 356 411 397 442; x_wconf 77' lang='lat' dir='ltr'>ad</span> <span class='ocrx_word' id='word_1_21' title='bbox 424 409 633 440; x_wconf 75' lang='lat' dir='ltr'>litteraturam</span> <span class='ocrx_word' id='word_1_22' title='bbox 665 418 740 439; x_wconf 82' lang='lat' dir='ltr'>vere</span> <span class='ocrx_word' id='word_1_23' title='bbox 765 408 965 450; x_wconf 75' lang='lat' dir='ltr'>phoeniciam</span> <span class='ocrx_word' id='word_1_24' title='bbox 988 409 1167 451; x_wconf 82' lang='lat' dir='ltr'>augendam</span> <span class='ocrx_word' id='word_1_25' title='bbox 1181 431 1191 447; x_wconf 92' lang='lat'>‚</span> <span class='ocrx_word' id='word_1_26' title='bbox 1219 416 1340 441; x_wconf 80' lang='lat' dir='ltr'>certum</span> <span class='ocrx_word' id='word_1_27' title='bbox 1363 417 1426 442; x_wconf 83' lang='lat' dir='ltr'>est:</span> <span class='ocrx_word' id='word_1_28' title='bbox 1464 410 1522 442; x_wconf 79' lang='lat' dir='ltr'>sed</span> <span class='ocrx_word' id='word_1_29' title='bbox 1544 409 1748 442; x_wconf 78' lang='lat' dir='ltr'>utilissimum</span> <span class='ocrx_word' id='word_1_30' title='bbox 1771 416 1877 443; x_wconf 84' lang='lat' dir='ltr'>tamen</span> <span class='ocrx_word' id='word_1_31' title='bbox 1899 410 1980 443; x_wconf 88' lang='lat' dir='ltr'>illud</span> 
     </span>
     <span class='ocr_line' id='line_1_4' title="bbox 357 464 1982 516; baseline 0.002 -20"><span class='ocrx_word' id='word_1_32' title='bbox 357 467 396 496; x_wconf 91' lang='lat' dir='ltr'>ad</span> <span class='ocrx_word' id='word_1_33' title='bbox 432 464 597 496; x_wconf 81' lang='lat' dir='ltr'>historiam</span> <span class='ocrx_word' id='word_1_34' title='bbox 630 466 806 507; x_wconf 82' lang='lat' dir='ltr'>scripturae</span> <span class='ocrx_word' id='word_1_35' title='bbox 841 464 1011 497; x_wconf 76' lang='lat' dir='ltr'>Hebraeae</span> <span class='ocrx_word' id='word_1_36' title='bbox 1047 472 1079 496; x_wconf 88' lang='lat' dir='ltr'>et</span> <span class='ocrx_word' id='word_1_37' title='bbox 1114 466 1155 497; x_wconf 91' lang='lat' dir='ltr'>ad</span> <span class='ocrx_word' id='word_1_38' title='bbox 1190 466 1332 508; x_wconf 71' lang='lat' dir='ltr'>origines</span> <span class='ocrx_word' id='word_1_39' title='bbox 1361 467 1538 509; x_wconf 77' lang='lat' dir='ltr'>scripturae</span> <span class='ocrx_word' id='word_1_40' title='bbox 1566 467 1846 516; x_wconf 76' lang='lat' dir='ltr'>quadratae,&#39;cui</span> <span class='ocrx_word' id='word_1_41' title='bbox 1874 474 1982 500; x_wconf 68' lang='lat' dir='ltr'>nostra</span> 
     </span>
     <span class='ocr_line' id='line_1_5' title="bbox 357 510 920 560; baseline 0.004 -8"><span class='ocrx_word' id='word_1_42' title='bbox 357 521 528 552; x_wconf 83' lang='lat' dir='ltr'><strong>admodum</strong></span> <span class='ocrx_word' id='word_1_43' title='bbox 551 510 675 560; x_wconf 77' lang='lat' dir='ltr'>vicina,</span> <span class='ocrx_word' id='word_1_44' title='bbox 703 520 920 554; x_wconf 74' lang='lat' dir='ltr'>illustrandas.</span> 
     </span>
    </p>
   </div>
   <div class='ocr_carea' id='block_1_3' title="bbox 725 591 2047 725">
    <p class='ocr_par' dir='ltr' id='par_1_3' title="bbox 725 591 2047 725">
     <span class='ocr_line' id='line_1_6' title="bbox 994 591 2047 658; baseline -0.002 -3"><span class='ocrx_word' id='word_1_45' title='bbox 994 622 1158 656; x_wconf 80' lang='lat' dir='ltr'>Lxxtv.</span> <span class='ocrx_word' id='word_1_46' title='bbox 1199 622 1343 655; x_wconf 80' lang='lat' dir='ltr'>Lxxv.</span> <span class='ocrx_word' id='word_1_47' title='bbox 1520 650 1525 654; x_wconf 87' lang='grc'><strong><em>,</em></strong></span> <span class='ocrx_word' id='word_1_48' title='bbox 1968 591 1989 658; x_wconf 63' lang='grc' dir='ltr'>’,ζ</span> <span class='ocrx_word' id='word_1_49' title='bbox 2044 609 2047 611; x_wconf 83' lang='grc'><strong>’</strong></span> 
     </span>
     <span class='ocr_line' id='line_1_7' title="bbox 725 689 1619 725; baseline 0.003 -4"><span class='ocrx_word' id='word_1_50' title='bbox 725 689 1025 722; x_wconf 81' lang='lat' dir='ltr'><strong><em>PAPYRI</em></strong></span> <span class='ocrx_word' id='word_1_51' title='bbox 1064 689 1619 725; x_wconf 77' lang='lat' dir='ltr'><strong><em>BLACASSIANI.</em></strong></span> 
     </span>
    </p>
   </div>
   <div class='ocr_carea' id='block_1_4' title="bbox 360 765 1984 1035">
    <p class='ocr_par' dir='ltr' id='par_1_4' title="bbox 360 765 1984 1035">
     <span class='ocr_line' id='line_1_8' title="bbox 488 765 1984 813; baseline 0.003 -15"><span class='ocrx_word' id='word_1_52' title='bbox 488 770 518 799; x_wconf 91' lang='lat'>1.</span> <span class='ocrx_word' id='word_1_53' title='bbox 563 765 667 798; x_wconf 89' lang='lat' dir='ltr'>Multo</span> <span class='ocrx_word' id='word_1_54' title='bbox 690 767 821 798; x_wconf 72' lang='lat' dir='ltr'>maiori-</span> <span class='ocrx_word' id='word_1_55' title='bbox 841 766 997 806; x_wconf 75' lang='lat' dir='ltr'>ambitus,</span> <span class='ocrx_word' id='word_1_56' title='bbox 1027 778 1122 811; x_wconf 90' lang='lat' dir='ltr'>quam</span> <span class='ocrx_word' id='word_1_57' title='bbox 1141 767 1354 810; x_wconf 77' lang='lat' dir='ltr'>fragmentum</span> <span class='ocrx_word' id='word_1_58' title='bbox 1377 766 1578 808; x_wconf 73' lang='lat' dir='ltr'>Turinenae‚</span> <span class='ocrx_word' id='word_1_59' title='bbox 1609 770 1671 801; x_wconf 89' lang='lat' dir='ltr'>duo</span> <span class='ocrx_word' id='word_1_60' title='bbox 1692 775 1765 801; x_wconf 79' lang='lat' dir='ltr'>sunt</span> <span class='ocrx_word' id='word_1_61' title='bbox 1780 769 1894 813; x_wconf 78' lang='lat' dir='ltr'><strong>papyri</strong></span> <span class='ocrx_word' id='word_1_62' title='bbox 1906 767 1984 803; x_wconf 81' lang='lat' dir='ltr'>Bla-</span> 
     </span>
     <span class='ocr_line' id='line_1_9' title="bbox 360 822 1982 867; baseline 0.002 -12"><span class='ocrx_word' id='word_1_63' title='bbox 360 824 499 856; x_wconf 74' lang='lat' dir='ltr'>caasiani</span> <span class='ocrx_word' id='word_1_64' title='bbox 523 824 597 855; x_wconf 90' lang='lat' dir='ltr'>dicti</span> <span class='ocrx_word' id='word_1_65' title='bbox 608 846 617 862; x_wconf 90' lang='lat'>,</span> <span class='ocrx_word' id='word_1_66' title='bbox 649 829 756 865; x_wconf 85' lang='lat' dir='ltr'>utpote</span> <span class='ocrx_word' id='word_1_67' title='bbox 782 833 866 854; x_wconf 87' lang='lat' dir='ltr'>nunc</span> <span class='ocrx_word' id='word_1_68' title='bbox 887 825 919 855; x_wconf 92' lang='lat' dir='ltr'>in</span> <span class='ocrx_word' id='word_1_69' title='bbox 938 834 1044 856; x_wconf 86' lang='lat' dir='ltr'>rerum</span> <span class='ocrx_word' id='word_1_70' title='bbox 1061 824 1262 867; x_wconf 88' lang='lat' dir='ltr'>antiquarum</span> <span class='ocrx_word' id='word_1_71' title='bbox 1277 822 1465 857; x_wconf 75' lang='lat' dir='ltr'>collectione</span> <span class='ocrx_word' id='word_1_72' title='bbox 1482 825 1588 858; x_wconf 72' lang='lat' dir='ltr'>Ducit</span> <span class='ocrx_word' id='word_1_73' title='bbox 1602 826 1642 858; x_wconf 85' lang='lat' dir='ltr'>de</span> <span class='ocrx_word' id='word_1_74' title='bbox 1657 825 1778 858; x_wconf 77' lang='lat' dir='ltr'>Blacm</span> <span class='ocrx_word' id='word_1_75' title='bbox 1793 826 1982 858; x_wconf 76' lang='lat' dir='ltr'>conservati.</span> 
     </span>
     <span class='ocr_line' id='line_1_10' title="bbox 361 878 1983 922; baseline 0.002 -12"><span class='ocrx_word' id='word_1_76' title='bbox 361 878 491 922; x_wconf 80' lang='lat' dir='ltr'>Repetit</span> <span class='ocrx_word' id='word_1_77' title='bbox 521 890 597 918; x_wconf 80' lang='lat' dir='ltr'>eos,</span> <span class='ocrx_word' id='word_1_78' title='bbox 636 879 806 911; x_wconf 83' lang='lat' dir='ltr'>admodum</span> <span class='ocrx_word' id='word_1_79' title='bbox 837 881 970 922; x_wconf 78' lang='lat' dir='ltr'>turpiter</span> <span class='ocrx_word' id='word_1_80' title='bbox 993 879 1140 920; x_wconf 78' lang='lat' dir='ltr'>habitos,</span> <span class='ocrx_word' id='word_1_81' title='bbox 1175 891 1259 912; x_wconf 86' lang='lat' dir='ltr'>anno</span> <span class='ocrx_word' id='word_1_82' title='bbox 1284 882 1365 913; x_wconf 88' lang='grc'><strong>1825</strong></span> <span class='ocrx_word' id='word_1_83' title='bbox 1391 880 1442 912; x_wconf 90' lang='lat' dir='ltr'>vel</span> <span class='ocrx_word' id='word_1_84' title='bbox 1466 884 1547 914; x_wconf 86' lang='lat'><strong>1826</strong></span> <span class='ocrx_word' id='word_1_85' title='bbox 1568 881 1612 915; x_wconf 86' lang='lat' dir='ltr'>V.</span> <span class='ocrx_word' id='word_1_86' title='bbox 1635 881 1685 914; x_wconf 85' lang='lat' dir='ltr'>Cl.</span> <span class='ocrx_word' id='word_1_87' title='bbox 1707 881 1983 915; x_wconf 67' lang='lat' dir='ltr'>Mtcnsmxcano</span> 
     </span>
     <span class='ocr_line' id='line_1_11' title="bbox 360 935 1983 980; baseline 0.001 -12"><span class='ocrx_word' id='word_1_88' title='bbox 360 936 466 968; x_wconf 70' lang='lat' dir='ltr'>LANcr</span> <span class='ocrx_word' id='word_1_89' title='bbox 490 936 572 978; x_wconf 88' lang='lat' dir='ltr'>apud</span> <span class='ocrx_word' id='word_1_90' title='bbox 596 935 795 967; x_wconf 82' lang='lat' dir='ltr'>Demetrium</span> <span class='ocrx_word' id='word_1_91' title='bbox 824 935 1100 979; x_wconf 88' lang='lat' dir='ltr'>Papandriopulo‚</span> <span class='ocrx_word' id='word_1_92' title='bbox 1130 937 1354 979; x_wconf 86' lang='lat' dir='ltr'>antiquitatum</span> <span class='ocrx_word' id='word_1_93' title='bbox 1376 936 1607 980; x_wconf 81' lang='lat' dir='ltr'>Aegyptiarum</span> <span class='ocrx_word' id='word_1_94' title='bbox 1631 946 1840 971; x_wconf 84' lang='lat' dir='ltr'>mercatorem</span> <span class='ocrx_word' id='word_1_95' title='bbox 1862 937 1983 971; x_wconf 85' lang='lat' dir='ltr'>Romae</span> 
     </span>
     <span class='ocr_line' id='line_1_12' title="bbox 360 991 1983 1035; baseline 0.002 -12"><span class='ocrx_word' id='word_1_96' title='bbox 360 992 575 1031; x_wconf 81' lang='lat' dir='ltr'>habitantem,</span> <span class='ocrx_word' id='word_1_97' title='bbox 605 993 688 1023; x_wconf 88' lang='lat' dir='ltr'>inter</span> <span class='ocrx_word' id='word_1_98' title='bbox 711 991 792 1023; x_wconf 78' lang='lat' dir='ltr'>alios</span> <span class='ocrx_word' id='word_1_99' title='bbox 815 991 931 1024; x_wconf 69' lang='lat' dir='ltr'>multon</span> <span class='ocrx_word' id='word_1_100' title='bbox 953 1003 1087 1035; x_wconf 80' lang='lat' dir='ltr'>papyros</span> <span class='ocrx_word' id='word_1_101' title='bbox 1111 994 1143 1024; x_wconf 88' lang='lat' dir='ltr'>in</span> <span class='ocrx_word' id='word_1_102' title='bbox 1166 994 1272 1024; x_wconf 82' lang='lat' dir='ltr'>arenis</span> <span class='ocrx_word' id='word_1_103' title='bbox 1295 993 1545 1026; x_wconf 72' lang='lat' dir='ltr'>Saccarensibus</span> <span class='ocrx_word' id='word_1_104' title='bbox 1567 995 1721 1034; x_wconf 79' lang='lat' dir='ltr'>effossos,</span> <span class='ocrx_word' id='word_1_105' title='bbox 1746 1002 1886 1027; x_wconf 83' lang='lat' dir='ltr'>coemtos</span> <span class='ocrx_word' id='word_1_106' title='bbox 1909 993 1983 1027; x_wconf 89' lang='lat' dir='ltr'>dili-</span> 
     </span>
    </p>
   </div>
   <div class='ocr_carea' id='block_1_5' title="bbox 290 1047 1982 1094">
    <p class='ocr_par' dir='ltr' id='par_1_5' title="bbox 290 1047 1982 1094">
     <span class='ocr_line' id='line_1_13' title="bbox 290 1047 1982 1094; baseline 0.002 -14"><span class='ocrx_word' id='word_1_107' title='bbox 290 1087 296 1092; x_wconf 38' lang='lat'>.</span> <span class='ocrx_word' id='word_1_108' title='bbox 359 1056 472 1091; x_wconf 83' lang='lat' dir='ltr'>genter</span> <span class='ocrx_word' id='word_1_109' title='bbox 501 1048 619 1079; x_wconf 81' lang='lat' dir='ltr'>evolvit</span> <span class='ocrx_word' id='word_1_110' title='bbox 648 1055 679 1079; x_wconf 88' lang='lat' dir='ltr'>et</span> <span class='ocrx_word' id='word_1_111' title='bbox 711 1048 873 1089; x_wconf 70' lang='lat' dir='ltr'>expedivit</span> <span class='ocrx_word' id='word_1_112' title='bbox 897 1049 1068 1080; x_wconf 77' lang='lat' dir='ltr'>adiuvante</span> <span class='ocrx_word' id='word_1_113' title='bbox 1097 1047 1184 1080; x_wconf 86' lang='lat' dir='ltr'>Julio</span> <span class='ocrx_word' id='word_1_114' title='bbox 1214 1049 1253 1080; x_wconf 87' lang='lat' dir='ltr'>de</span> <span class='ocrx_word' id='word_1_115' title='bbox 1283 1047 1546 1089; x_wconf 69' lang='lat' dir='ltr'>Monteveccliio,</span> <span class='ocrx_word' id='word_1_116' title='bbox 1586 1059 1695 1093; x_wconf 79' lang='lat' dir='ltr'>postea</span> <span class='ocrx_word' id='word_1_117' title='bbox 1723 1061 1799 1083; x_wconf 88' lang='lat' dir='ltr'>vero</span> <span class='ocrx_word' id='word_1_118' title='bbox 1828 1050 1982 1094; x_wconf 21' lang='lat' dir='ltr'>Ducinde</span> 
     </span>
    </p>
   </div>
   <div class='ocr_carea' id='block_1_6' title="bbox 359 1103 1984 1205">
    <p class='ocr_par' dir='ltr' id='par_1_6' title="bbox 359 1103 1984 1205">
     <span class='ocr_line' id='line_1_14' title="bbox 361 1103 1982 1148; baseline 0.002 -12"><span class='ocrx_word' id='word_1_119' title='bbox 361 1104 475 1137; x_wconf 77' lang='lat' dir='ltr'>Blacaa</span> <span class='ocrx_word' id='word_1_120' title='bbox 505 1112 581 1136; x_wconf 86' lang='lat' dir='ltr'>tunc</span> <span class='ocrx_word' id='word_1_121' title='bbox 609 1103 747 1146; x_wconf 82' lang='lat' dir='ltr'>Neapoli</span> <span class='ocrx_word' id='word_1_122' title='bbox 776 1106 984 1136; x_wconf 78' lang='lat' dir='ltr'>commoranti</span> <span class='ocrx_word' id='word_1_123' title='bbox 1014 1106 1098 1136; x_wconf 93' lang='lat' dir='ltr'>dono</span> <span class='ocrx_word' id='word_1_124' title='bbox 1126 1105 1223 1136; x_wconf 85' lang='lat' dir='ltr'>dedit.</span> <span class='ocrx_word' id='word_1_125' title='bbox 1272 1103 1321 1136; x_wconf 81' lang='lat' dir='ltr'>Ita</span> <span class='ocrx_word' id='word_1_126' title='bbox 1348 1112 1434 1137; x_wconf 81' lang='lat' dir='ltr'>certe</span> <span class='ocrx_word' id='word_1_127' title='bbox 1462 1107 1533 1148; x_wconf 74' lang='lat' dir='ltr'>ipse</span> <span class='ocrx_word' id='word_1_128' title='bbox 1560 1107 1702 1139; x_wconf 74' lang='lat' dir='ltr'>Lanciua</span> <span class='ocrx_word' id='word_1_129' title='bbox 1725 1117 1793 1139; x_wconf 81' lang='lat' dir='ltr'>rem</span> <span class='ocrx_word' id='word_1_130' title='bbox 1817 1114 1927 1139; x_wconf 82' lang='lat' dir='ltr'>narrat</span> <span class='ocrx_word' id='word_1_131' title='bbox 1949 1108 1982 1139; x_wconf 84' lang='lat' dir='ltr'>in</span> 
     </span>
     <span class='ocr_line' id='line_1_15' title="bbox 359 1160 1984 1205; baseline 0.002 -13"><span class='ocrx_word' id='word_1_132' title='bbox 359 1160 474 1193; x_wconf 89' lang='lat' dir='ltr'>Diario</span> <span class='ocrx_word' id='word_1_133' title='bbox 497 1160 641 1192; x_wconf 86' lang='lat' dir='ltr'>Romano</span> <span class='ocrx_word' id='word_1_134' title='bbox 665 1163 747 1192; x_wconf 83' lang='lat'><strong>1826</strong></span> <span class='ocrx_word' id='word_1_135' title='bbox 770 1170 823 1192; x_wconf 85' lang='lat' dir='ltr'>uo.</span> <span class='ocrx_word' id='word_1_136' title='bbox 841 1163 880 1192; x_wconf 84' lang='grc'>13</span> <span class='ocrx_word' id='word_1_137' title='bbox 901 1167 935 1192; x_wconf 89' lang='lat' dir='ltr'>et</span> <span class='ocrx_word' id='word_1_138' title='bbox 952 1162 985 1192; x_wconf 88' lang='lat' dir='ltr'>in</span> <span class='ocrx_word' id='word_1_139' title='bbox 1004 1171 1100 1203; x_wconf 84' lang='lat' dir='ltr'>opere</span> <span class='ocrx_word' id='word_1_140' title='bbox 1120 1172 1196 1193; x_wconf 88' lang='lat' dir='ltr'>mox</span> <span class='ocrx_word' id='word_1_141' title='bbox 1212 1160 1388 1192; x_wconf 83' lang='lat' dir='ltr'>laudando:</span> <span class='ocrx_word' id='word_1_142' title='bbox 1412 1168 1446 1193; x_wconf 88' lang='lat' dir='ltr'>ut</span> <span class='ocrx_word' id='word_1_143' title='bbox 1461 1163 1620 1201; x_wconf 77' lang='lat' dir='ltr'>nesciam,</span> <span class='ocrx_word' id='word_1_144' title='bbox 1645 1173 1725 1205; x_wconf 86' lang='lat' dir='ltr'>quae</span> <span class='ocrx_word' id='word_1_145' title='bbox 1737 1163 1819 1195; x_wconf 75' lang='lat' dir='ltr'>fide·</span> <span class='ocrx_word' id='word_1_146' title='bbox 1835 1162 1984 1196; x_wconf 74' lang='lat' dir='ltr'>habenda</span> 
     </span>
    </p>
   </div>
   <div class='ocr_carea' id='block_1_7' title="bbox 359 1215 2058 1262">
    <p class='ocr_par' dir='ltr' id='par_1_7' title="bbox 359 1215 2058 1262">
     <span class='ocr_line' id='line_1_16' title="bbox 359 1215 2058 1262; baseline 0.002 -14"><span class='ocrx_word' id='word_1_147' title='bbox 359 1218 402 1249; x_wconf 74' lang='lat' dir='ltr'>nit</span> <span class='ocrx_word' id='word_1_148' title='bbox 416 1228 527 1248; x_wconf 90' lang='lat' dir='ltr'>eornm</span> <span class='ocrx_word' id='word_1_149' title='bbox 550 1218 744 1254; x_wconf 80' lang='lat' dir='ltr'>narrationi,</span> <span class='ocrx_word' id='word_1_150' title='bbox 767 1217 821 1258; x_wconf 87' lang='lat' dir='ltr'>qui</span> <span class='ocrx_word' id='word_1_151' title='bbox 843 1215 902 1248; x_wconf 75' lang='lat' dir='ltr'>hos</span> <span class='ocrx_word' id='word_1_152' title='bbox 925 1227 1061 1259; x_wconf 77' lang='lat' dir='ltr'>papyros</span> <span class='ocrx_word' id='word_1_153' title='bbox 1079 1215 1206 1248; x_wconf 88' lang='lat' dir='ltr'>Kolleri</span> <span class='ocrx_word' id='word_1_154' title='bbox 1229 1218 1317 1259; x_wconf 71' lang='lat' dir='ltr'>prius</span> <span class='ocrx_word' id='word_1_155' title='bbox 1339 1217 1440 1249; x_wconf 71' lang='lat' dir='ltr'>fuisse</span> <span class='ocrx_word' id='word_1_156' title='bbox 1463 1217 1580 1249; x_wconf 83' lang='lat' dir='ltr'>dicant.</span> <span class='ocrx_word' id='word_1_157' title='bbox 1624 1217 1784 1262; x_wconf 83' lang='lat' dir='ltr'>Quicquid</span> <span class='ocrx_word' id='word_1_158' title='bbox 1799 1226 1866 1258; x_wconf 75' lang='lat' dir='ltr'>ert,</span> <span class='ocrx_word' id='word_1_159' title='bbox 1887 1220 1928 1258; x_wconf 76' lang='lat' dir='ltr'>de</span> <span class='ocrx_word' id='word_1_160' title='bbox 1941 1220 1985 1252; x_wconf 72' lang='lat' dir='ltr'>it·</span> <span class='ocrx_word' id='word_1_161' title='bbox 2055 1217 2058 1219; x_wconf 19' lang='grc' dir='ltr'><strong>Δ</strong></span> 
     </span>
    </p>
   </div>
   <div class='ocr_carea' id='block_1_8' title="bbox 360 1271 1985 1767">
    <p class='ocr_par' dir='ltr' id='par_1_8' title="bbox 360 1271 1985 1767">
     <span class='ocr_line' id='line_1_17' title="bbox 360 1271 1985 1315; baseline 0.001 -10"><span class='ocrx_word' id='word_1_162' title='bbox 360 1274 497 1315; x_wconf 85' lang='lat' dir='ltr'>primum</span> <span class='ocrx_word' id='word_1_163' title='bbox 512 1272 645 1303; x_wconf 78' lang='lat' dir='ltr'>edendis</span> <span class='ocrx_word' id='word_1_164' title='bbox 660 1271 742 1303; x_wconf 85' lang='lat' dir='ltr'>bene</span> <span class='ocrx_word' id='word_1_165' title='bbox 755 1276 870 1305; x_wconf 87' lang='lat' dir='ltr'>meruit</span> <span class='ocrx_word' id='word_1_166' title='bbox 878 1274 1020 1306; x_wconf 72' lang='lat' dir='ltr'>Lancius</span> <span class='ocrx_word' id='word_1_167' title='bbox 1034 1274 1066 1304; x_wconf 92' lang='lat' dir='ltr'>in</span> <span class='ocrx_word' id='word_1_168' title='bbox 1082 1272 1165 1305; x_wconf 88' lang='lat' dir='ltr'>libro</span> <span class='ocrx_word' id='word_1_169' title='bbox 1178 1273 1231 1304; x_wconf 86' lang='lat' dir='ltr'>cui</span> <span class='ocrx_word' id='word_1_170' title='bbox 1246 1273 1449 1305; x_wconf 73' lang='lat' dir='ltr'>interibitar:</span> <span class='ocrx_word' id='word_1_171' title='bbox 1464 1273 1518 1306; x_wconf 83' lang='lat' dir='ltr'>La</span> <span class='ocrx_word' id='word_1_172' title='bbox 1532 1285 1629 1307; x_wconf 80' lang='lat' dir='ltr'>mera</span> <span class='ocrx_word' id='word_1_173' title='bbox 1642 1278 1803 1307; x_wconf 72' lang='lat' dir='ltr'>ecrt&#39;ttura</span> <span class='ocrx_word' id='word_1_174' title='bbox 1815 1276 1985 1308; x_wconf 66' lang='lat' dir='ltr'>illustrata</span> 
     </span>
     <span class='ocr_line' id='line_1_18' title="bbox 361 1328 1984 1372; baseline 0.003 -13"><span class='ocrx_word' id='word_1_175' title='bbox 361 1338 420 1360; x_wconf 76' lang='lat' dir='ltr'>con</span> <span class='ocrx_word' id='word_1_176' title='bbox 441 1328 639 1360; x_wconf 62' lang='lat' dir='ltr'>monumenta·</span> <span class='ocrx_word' id='word_1_177' title='bbox 648 1329 910 1372; x_wconf 74' lang='lat' dir='ltr'>fenico-anyrj</span> <span class='ocrx_word' id='word_1_178' title='bbox 931 1330 973 1362; x_wconf 80' lang='lat' dir='ltr'>ed</span> <span class='ocrx_word' id='word_1_179' title='bbox 995 1330 1148 1372; x_wconf 73' lang='lat' dir='ltr'>egt&#39;zian&#39;i</span> <span class='ocrx_word' id='word_1_180' title='bbox 1164 1329 1208 1361; x_wconf 81' lang='lat' dir='ltr'>da</span> <span class='ocrx_word' id='word_1_181' title='bbox 1222 1329 1469 1372; x_wconf 69' lang='lat' dir='ltr'>Michelangelo</span> <span class='ocrx_word' id='word_1_182' title='bbox 1492 1330 1605 1363; x_wconf 66' lang='lat' dir='ltr'>Lance</span> <span class='ocrx_word' id='word_1_183' title='bbox 1623 1329 1756 1364; x_wconf 71' lang='lat' dir='ltr'>Faneee</span> <span class='ocrx_word' id='word_1_184' title='bbox 1777 1338 1838 1364; x_wconf 84' lang='lat' dir='ltr'>cet.</span> <span class='ocrx_word' id='word_1_185' title='bbox 1869 1330 1984 1372; x_wconf 71' lang='lat' dir='ltr'>Roma.</span> 
     </span>
     <span class='ocr_line' id='line_1_19' title="bbox 361 1383 1983 1430; baseline 0.003 -14"><span class='ocrx_word' id='word_1_186' title='bbox 361 1383 446 1416; x_wconf 79' lang='lat' dir='ltr'>dalla</span> <span class='ocrx_word' id='word_1_187' title='bbox 483 1386 603 1416; x_wconf 77' lang='lat' dir='ltr'>sociem</span> <span class='ocrx_word' id='word_1_188' title='bbox 637 1384 833 1428; x_wconf 83' lang='lat' dir='ltr'>tipografica.</span> <span class='ocrx_word' id='word_1_189' title='bbox 867 1389 960 1419; x_wconf 83' lang='grc'><strong>1827.</strong></span> <span class='ocrx_word' id='word_1_190' title='bbox 990 1386 1064 1425; x_wconf 72' lang='lat' dir='ltr'>soh,</span> <span class='ocrx_word' id='word_1_191' title='bbox 1104 1396 1205 1429; x_wconf 85' lang='lat' dir='ltr'>eoque</span> <span class='ocrx_word' id='word_1_192' title='bbox 1234 1386 1420 1424; x_wconf 77' lang='lat' dir='ltr'>rarissimo,</span> <span class='ocrx_word' id='word_1_193' title='bbox 1455 1397 1573 1430; x_wconf 88' lang='lat' dir='ltr'>quum,</span> <span class='ocrx_word' id='word_1_194' title='bbox 1610 1389 1755 1430; x_wconf 71' lang='lat' dir='ltr'>quamvis</span> <span class='ocrx_word' id='word_1_195' title='bbox 1791 1388 1875 1420; x_wconf 82' lang='lat' dir='ltr'>bona</span> <span class='ocrx_word' id='word_1_196' title='bbox 1911 1397 1983 1421; x_wconf 75' lang='lat' dir='ltr'>cut·</span> 
     </span>
     <span class='ocr_line' id='line_1_20' title="bbox 362 1441 1985 1485; baseline 0.002 -13"><span class='ocrx_word' id='word_1_197' title='bbox 362 1441 568 1483; x_wconf 91' lang='lat' dir='ltr'>Superiorum</span> <span class='ocrx_word' id='word_1_198' title='bbox 592 1443 686 1473; x_wconf 90' lang='lat' dir='ltr'>venia</span> <span class='ocrx_word' id='word_1_199' title='bbox 705 1445 789 1485; x_wconf 79' lang='lat' dir='ltr'>typis</span> <span class='ocrx_word' id='word_1_200' title='bbox 813 1445 991 1485; x_wconf 75' lang='lat' dir='ltr'>exscriptus</span> <span class='ocrx_word' id='word_1_201' title='bbox 1005 1450 1092 1474; x_wconf 73' lang='lat' dir='ltr'>esset</span> <span class='ocrx_word' id='word_1_202' title='bbox 1106 1442 1207 1481; x_wconf 87' lang='lat' dir='ltr'>liber,</span> <span class='ocrx_word' id='word_1_203' title='bbox 1231 1450 1342 1484; x_wconf 77' lang='lat' dir='ltr'>postea</span> <span class='ocrx_word' id='word_1_204' title='bbox 1355 1450 1462 1475; x_wconf 85' lang='lat' dir='ltr'>tamen</span> <span class='ocrx_word' id='word_1_205' title='bbox 1478 1455 1497 1475; x_wconf 89' lang='lat' dir='ltr'>a</span> <span class='ocrx_word' id='word_1_206' title='bbox 1514 1445 1603 1475; x_wconf 84' lang='lat' dir='ltr'>curia</span> <span class='ocrx_word' id='word_1_207' title='bbox 1621 1443 1765 1476; x_wconf 80' lang='lat' dir='ltr'>Romana</span> <span class='ocrx_word' id='word_1_208' title='bbox 1782 1445 1985 1476; x_wconf 68' lang='lat' dir='ltr'>interdieta-</span> 
     </span>
     <span class='ocr_line' id='line_1_21' title="bbox 361 1497 1983 1542; baseline 0.002 -14"><span class='ocrx_word' id='word_1_209' title='bbox 361 1498 420 1535; x_wconf 82' lang='lat' dir='ltr'>sit,</span> <span class='ocrx_word' id='word_1_210' title='bbox 457 1508 496 1528; x_wconf 86' lang='lat' dir='ltr'>ne</span> <span class='ocrx_word' id='word_1_211' title='bbox 519 1499 551 1528; x_wconf 93' lang='lat' dir='ltr'>in</span> <span class='ocrx_word' id='word_1_212' title='bbox 577 1497 736 1539; x_wconf 89' lang='lat' dir='ltr'>publicum</span> <span class='ocrx_word' id='word_1_213' title='bbox 766 1500 935 1530; x_wconf 88' lang='lat' dir='ltr'>ederetur:</span> <span class='ocrx_word' id='word_1_214' title='bbox 965 1501 1011 1530; x_wconf 89' lang='lat' dir='ltr'>ita</span> <span class='ocrx_word' id='word_1_215' title='bbox 1032 1505 1066 1530; x_wconf 88' lang='lat' dir='ltr'>ut</span> <span class='ocrx_word' id='word_1_216' title='bbox 1089 1500 1281 1541; x_wconf 76' lang='lat' dir='ltr'>paucissima</span> <span class='ocrx_word' id='word_1_217' title='bbox 1302 1505 1425 1530; x_wconf 88' lang='lat' dir='ltr'>tantum</span> <span class='ocrx_word' id='word_1_218' title='bbox 1449 1499 1599 1542; x_wconf 87' lang='lat' dir='ltr'>exempla</span> <span class='ocrx_word' id='word_1_219' title='bbox 1620 1502 1653 1532; x_wconf 88' lang='lat' dir='ltr'>in</span> <span class='ocrx_word' id='word_1_220' title='bbox 1677 1499 1787 1532; x_wconf 87' lang='lat' dir='ltr'>orbem</span> <span class='ocrx_word' id='word_1_221' title='bbox 1810 1499 1983 1532; x_wconf 78' lang='lat' dir='ltr'>litteratum</span> 
     </span>
     <span class='ocr_line' id='line_1_22' title="bbox 363 1553 1985 1600; baseline 0.002 -16"><span class='ocrx_word' id='word_1_222' title='bbox 363 1554 593 1586; x_wconf 80' lang='lat' dir='ltr'>emanaverint.</span> <span class='ocrx_word' id='word_1_223' title='bbox 637 1553 724 1585; x_wconf 90' lang='lat' dir='ltr'>Idem</span> <span class='ocrx_word' id='word_1_224' title='bbox 747 1556 797 1586; x_wconf 87' lang='lat' dir='ltr'>vir</span> <span class='ocrx_word' id='word_1_225' title='bbox 820 1555 932 1587; x_wconf 82' lang='lat' dir='ltr'>doctus</span> <span class='ocrx_word' id='word_1_226' title='bbox 954 1555 1060 1597; x_wconf 79' lang='lat' dir='ltr'>operis</span> <span class='ocrx_word' id='word_1_227' title='bbox 1082 1554 1203 1586; x_wconf 85' lang='lat' dir='ltr'>laudati</span> <span class='ocrx_word' id='word_1_228' title='bbox 1224 1566 1256 1597; x_wconf 88' lang='lat' dir='ltr'>p.</span> <span class='ocrx_word' id='word_1_229' title='bbox 1281 1558 1319 1587; x_wconf 88' lang='lat'>18</span> <span class='ocrx_word' id='word_1_230' title='bbox 1344 1565 1410 1598; x_wconf 77' lang='lat' dir='ltr'>sqq.</span> <span class='ocrx_word' id='word_1_231' title='bbox 1441 1557 1736 1598; x_wconf 78' lang='lat' dir='ltr'>interpretationem</span> <span class='ocrx_word' id='word_1_232' title='bbox 1758 1555 1873 1588; x_wconf 85' lang='lat' dir='ltr'>horum</span> <span class='ocrx_word' id='word_1_233' title='bbox 1896 1556 1985 1600; x_wconf 81' lang='lat' dir='ltr'>frag—</span> 
     </span>
     <span class='ocr_line' id='line_1_23' title="bbox 362 1609 1982 1656; baseline 0.003 -16"><span class='ocrx_word' id='word_1_234' title='bbox 362 1616 541 1642; x_wconf 85' lang='lat' dir='ltr'>mentorum</span> <span class='ocrx_word' id='word_1_235' title='bbox 571 1610 677 1649; x_wconf 87' lang='lat' dir='ltr'>dedit,</span> <span class='ocrx_word' id='word_1_236' title='bbox 714 1621 794 1653; x_wconf 87' lang='lat' dir='ltr'>quae</span> <span class='ocrx_word' id='word_1_237' title='bbox 817 1612 849 1642; x_wconf 91' lang='lat' dir='ltr'>in</span> <span class='ocrx_word' id='word_1_238' title='bbox 871 1610 979 1642; x_wconf 77' lang='lat' dir='ltr'>multis</span> <span class='ocrx_word' id='word_1_239' title='bbox 1002 1609 1172 1642; x_wconf 71' lang='lat' dir='ltr'>laudabilis</span> <span class='ocrx_word' id='word_1_240' title='bbox 1194 1618 1243 1642; x_wconf 79' lang='lat' dir='ltr'>est</span> <span class='ocrx_word' id='word_1_241' title='bbox 1264 1618 1296 1642; x_wconf 91' lang='lat' dir='ltr'>et</span> <span class='ocrx_word' id='word_1_242' title='bbox 1319 1610 1505 1654; x_wconf 86' lang='lat' dir='ltr'>probanda,</span> <span class='ocrx_word' id='word_1_243' title='bbox 1528 1613 1561 1643; x_wconf 90' lang='lat' dir='ltr'>in</span> <span class='ocrx_word' id='word_1_244' title='bbox 1585 1611 1656 1643; x_wconf 83' lang='lat' dir='ltr'>aliis</span> <span class='ocrx_word' id='word_1_245' title='bbox 1679 1613 1878 1644; x_wconf 87' lang='lat' dir='ltr'>correctione</span> <span class='ocrx_word' id='word_1_246' title='bbox 1897 1620 1982 1656; x_wconf 76' lang='lat' dir='ltr'>eget,</span> 
     </span>
     <span class='ocr_line' id='line_1_24' title="bbox 362 1663 1983 1711; baseline 0.002 -14"><span class='ocrx_word' id='word_1_247' title='bbox 362 1666 520 1708; x_wconf 73' lang='lat' dir='ltr'>siquidem</span> <span class='ocrx_word' id='word_1_248' title='bbox 550 1673 661 1698; x_wconf 82' lang='lat' dir='ltr'>auctor</span> <span class='ocrx_word' id='word_1_249' title='bbox 692 1667 725 1698; x_wconf 87' lang='lat' dir='ltr'>in</span> <span class='ocrx_word' id='word_1_250' title='bbox 759 1666 983 1699; x_wconf 88' lang='lat' dir='ltr'>nonnullarum</span> <span class='ocrx_word' id='word_1_251' title='bbox 1014 1663 1190 1699; x_wconf 81' lang='lat' dir='ltr'>litterarum</span> <span class='ocrx_word' id='word_1_252' title='bbox 1213 1674 1368 1709; x_wconf 70' lang='lat' dir='ltr'>potestate</span> <span class='ocrx_word' id='word_1_253' title='bbox 1393 1666 1575 1700; x_wconf 86' lang='lat' dir='ltr'>definienda</span> <span class='ocrx_word' id='word_1_254' title='bbox 1596 1676 1827 1711; x_wconf 82' lang='lat' dir='ltr'>praeconcepta</span> <span class='ocrx_word' id='word_1_255' title='bbox 1848 1669 1983 1711; x_wconf 83' lang='lat' dir='ltr'>quadam</span> 
     </span>
     <span class='ocr_line' id='line_1_25' title="bbox 361 1722 1909 1767; baseline 0.005 -15"><span class='ocrx_word' id='word_1_256' title='bbox 361 1723 511 1764; x_wconf 87' lang='lat' dir='ltr'>opinione</span> <span class='ocrx_word' id='word_1_257' title='bbox 533 1722 647 1754; x_wconf 77' lang='lat' dir='ltr'>ductus</span> <span class='ocrx_word' id='word_1_258' title='bbox 670 1733 732 1754; x_wconf 90' lang='lat' dir='ltr'>non</span> <span class='ocrx_word' id='word_1_259' title='bbox 755 1731 879 1766; x_wconf 86' lang='lat' dir='ltr'>poterat</span> <span class='ocrx_word' id='word_1_260' title='bbox 900 1734 964 1755; x_wconf 84' lang='lat' dir='ltr'>non</span> <span class='ocrx_word' id='word_1_261' title='bbox 988 1733 1007 1754; x_wconf 84' lang='lat' dir='ltr'>a</span> <span class='ocrx_word' id='word_1_262' title='bbox 1030 1734 1106 1754; x_wconf 82' lang='lat' dir='ltr'>vero</span> <span class='ocrx_word' id='word_1_263' title='bbox 1129 1722 1292 1755; x_wconf 84' lang='lat' dir='ltr'>aberrare.</span> <span class='ocrx_word' id='word_1_264' title='bbox 1337 1723 1400 1755; x_wconf 90' lang='lat' dir='ltr'>Sed</span> <span class='ocrx_word' id='word_1_265' title='bbox 1423 1723 1550 1767; x_wconf 77' lang='lat' dir='ltr'>singula</span> <span class='ocrx_word' id='word_1_266' title='bbox 1572 1725 1636 1756; x_wconf 89' lang='lat' dir='ltr'>iam</span> <span class='ocrx_word' id='word_1_267' title='bbox 1658 1725 1909 1760; x_wconf 77' lang='lat' dir='ltr'>consideremus.</span> 
     </span>
    </p>
   </div>
   <div class='ocr_carea' id='block_1_9' title="bbox 489 1792 1982 1838">
    <p class='ocr_par' dir='ltr' id='par_1_9' title="bbox 489 1792 1982 1838">
     <span class='ocr_line' id='line_1_26' title="bbox 489 1792 1982 1838; baseline 0.003 -15"><span class='ocrx_word' id='word_1_268' title='bbox 489 1797 518 1824; x_wconf 90' lang='grc'>2.</span> <span class='ocrx_word' id='word_1_269' title='bbox 561 1792 738 1825; x_wconf 85' lang='lat' dir='ltr'>Continent</span> <span class='ocrx_word' id='word_1_270' title='bbox 769 1793 802 1825; x_wconf 86' lang='lat' dir='ltr'>hi</span> <span class='ocrx_word' id='word_1_271' title='bbox 835 1795 946 1836; x_wconf 84' lang='lat' dir='ltr'>papyri</span> <span class='ocrx_word' id='word_1_272' title='bbox 977 1793 1040 1825; x_wconf 85' lang='lat' dir='ltr'>duo</span> <span class='ocrx_word' id='word_1_273' title='bbox 1062 1793 1242 1836; x_wconf 79' lang='lat' dir='ltr'>fragmenta</span> <span class='ocrx_word' id='word_1_274' title='bbox 1263 1803 1305 1825; x_wconf 87' lang='lat' dir='ltr'>ex</span> <span class='ocrx_word' id='word_1_275' title='bbox 1328 1793 1434 1825; x_wconf 89' lang='lat' dir='ltr'>medio</span> <span class='ocrx_word' id='word_1_276' title='bbox 1457 1794 1595 1836; x_wconf 85' lang='lat' dir='ltr'>quodam</span> <span class='ocrx_word' id='word_1_277' title='bbox 1618 1793 1780 1826; x_wconf 84' lang='lat' dir='ltr'>volumine</span> <span class='ocrx_word' id='word_1_278' title='bbox 1803 1805 1982 1838; x_wconf 82' lang='lat' dir='ltr'>papyraceo</span> 
     </span>
    </p>
   </div>
   <div class='ocr_carea' id='block_1_10' title="bbox 350 1848 1982 1948">
    <p class='ocr_par' dir='ltr' id='par_1_10' title="bbox 350 1848 1982 1948">
     <span class='ocr_line' id='line_1_27' title="bbox 362 1848 1982 1893; baseline 0.004 -14"><span class='ocrx_word' id='word_1_279' title='bbox 362 1848 531 1890; x_wconf 85' lang='lat' dir='ltr'>decerpta,</span> <span class='ocrx_word' id='word_1_280' title='bbox 569 1861 702 1891; x_wconf 90' lang='lat' dir='ltr'>quorum</span> <span class='ocrx_word' id='word_1_281' title='bbox 729 1858 897 1893; x_wconf 84' lang='lat' dir='ltr'>utrumque</span> <span class='ocrx_word' id='word_1_282' title='bbox 926 1850 967 1882; x_wconf 87' lang='lat' dir='ltr'>ab</span> <span class='ocrx_word' id='word_1_283' title='bbox 996 1856 1128 1893; x_wconf 86' lang='lat' dir='ltr'>utraque</span> <span class='ocrx_word' id='word_1_284' title='bbox 1151 1856 1239 1892; x_wconf 82' lang='lat' dir='ltr'>parte</span> <span class='ocrx_word' id='word_1_285' title='bbox 1267 1848 1383 1882; x_wconf 76' lang='lat' dir='ltr'>litteris</span> <span class='ocrx_word' id='word_1_286' title='bbox 1405 1849 1572 1893; x_wconf 89' lang='lat' dir='ltr'>impletum</span> <span class='ocrx_word' id='word_1_287' title='bbox 1603 1857 1671 1891; x_wconf 83' lang='lat' dir='ltr'>est,</span> <span class='ocrx_word' id='word_1_288' title='bbox 1708 1849 1843 1884; x_wconf 84' lang='lat' dir='ltr'>alterum</span> <span class='ocrx_word' id='word_1_289' title='bbox 1879 1853 1982 1893; x_wconf 55' lang='lat' dir='ltr'>maine</span> 
     </span>
     <span class='ocr_line' id='line_1_28' title="bbox 350 1903 951 1948; baseline 0.008 -15"><span class='ocrx_word' id='word_1_290' title='bbox 350 1903 420 1944; x_wconf 83' lang='lat' dir='ltr'>.(A.</span> <span class='ocrx_word' id='word_1_291' title='bbox 437 1903 504 1945; x_wconf 88' lang='lat' dir='ltr'>B),</span> <span class='ocrx_word' id='word_1_292' title='bbox 534 1904 668 1936; x_wconf 86' lang='lat' dir='ltr'>alterum</span> <span class='ocrx_word' id='word_1_293' title='bbox 692 1907 796 1938; x_wconf 82' lang='lat' dir='ltr'>minus</span> <span class='ocrx_word' id='word_1_294' title='bbox 819 1906 873 1948; x_wconf 87' lang='lat' dir='ltr'>(C.</span> <span class='ocrx_word' id='word_1_295' title='bbox 890 1906 951 1947; x_wconf 90' lang='lat' dir='ltr'>D).</span> 
     </span>
    </p>
   </div>
   <div class='ocr_carea' id='block_1_11' title="bbox 361 1973 1980 2302">
    <p class='ocr_par' dir='ltr' id='par_1_11' title="bbox 361 1973 1980 2302">
     <span class='ocr_line' id='line_1_29' title="bbox 489 1973 1980 2021; baseline 0.003 -15"><span class='ocrx_word' id='word_1_296' title='bbox 489 1973 624 2006; x_wconf 84' lang='lat' dir='ltr'>Maioris</span> <span class='ocrx_word' id='word_1_297' title='bbox 656 1975 825 2018; x_wconf 78' lang='lat' dir='ltr'>fragmenti</span> <span class='ocrx_word' id='word_1_298' title='bbox 849 1980 981 2019; x_wconf 80' lang='lat' dir='ltr'>pagina</span> <span class='ocrx_word' id='word_1_299' title='bbox 1004 1980 1114 2019; x_wconf 68' lang='lat' dir='ltr'>prima</span> <span class='ocrx_word' id='word_1_300' title='bbox 1137 1976 1205 2019; x_wconf 88' lang='lat' dir='ltr'>(A)</span> <span class='ocrx_word' id='word_1_301' title='bbox 1234 1988 1297 2008; x_wconf 86' lang='lat' dir='ltr'>non</span> <span class='ocrx_word' id='word_1_302' title='bbox 1320 1983 1425 2019; x_wconf 75' lang='lat' dir='ltr'>potest</span> <span class='ocrx_word' id='word_1_303' title='bbox 1446 1987 1509 2008; x_wconf 88' lang='lat' dir='ltr'>non</span> <span class='ocrx_word' id='word_1_304' title='bbox 1532 1987 1570 2008; x_wconf 90' lang='lat' dir='ltr'>ea</span> <span class='ocrx_word' id='word_1_305' title='bbox 1593 1977 1710 2016; x_wconf 83' lang='lat' dir='ltr'>fuisse,</span> <span class='ocrx_word' id='word_1_306' title='bbox 1738 1988 1819 2020; x_wconf 83' lang='lat' dir='ltr'>quae</span> <span class='ocrx_word' id='word_1_307' title='bbox 1842 1979 1980 2021; x_wconf 85' lang='lat' dir='ltr'>quinque</span> 
     </span>
     <span class='ocr_line' id='line_1_30' title="bbox 361 2030 1980 2080; baseline 0.003 -20"><span class='ocrx_word' id='word_1_308' title='bbox 361 2031 502 2072; x_wconf 85' lang='lat' dir='ltr'>priorum</span> <span class='ocrx_word' id='word_1_309' title='bbox 533 2041 680 2062; x_wconf 79' lang='lat' dir='ltr'>versuum</span> <span class='ocrx_word' id='word_1_310' title='bbox 712 2032 771 2064; x_wconf 88' lang='lat' dir='ltr'>snb</span> <span class='ocrx_word' id='word_1_311' title='bbox 801 2031 899 2064; x_wconf 88' lang='lat' dir='ltr'>finem</span> <span class='ocrx_word' id='word_1_312' title='bbox 928 2032 1113 2064; x_wconf 89' lang='lat' dir='ltr'>mutilorum</span> <span class='ocrx_word' id='word_1_313' title='bbox 1143 2034 1253 2072; x_wconf 88' lang='lat' dir='ltr'>initia,</span> <span class='ocrx_word' id='word_1_314' title='bbox 1294 2040 1459 2075; x_wconf 87' lang='lat' dir='ltr'>praeterea</span> <span class='ocrx_word' id='word_1_315' title='bbox 1489 2040 1553 2065; x_wconf 76' lang='lat' dir='ltr'>tres</span> <span class='ocrx_word' id='word_1_316' title='bbox 1583 2043 1704 2080; x_wconf 64' lang='lat' dir='ltr'>versus⁴</span> <span class='ocrx_word' id='word_1_317' title='bbox 1723 2030 1864 2076; x_wconf 71' lang='lat' dir='ltr'>integros</span> <span class='ocrx_word' id='word_1_318' title='bbox 1904 2033 1980 2076; x_wconf 86' lang='lat' dir='ltr'>(lin.</span> 
     </span>
     <span class='ocr_line' id='line_1_31' title="bbox 361 2087 1980 2132; baseline 0.002 -14"><span class='ocrx_word' id='word_1_319' title='bbox 361 2087 495 2126; x_wconf 79' lang='grc'><strong>6-8),</strong></span> <span class='ocrx_word' id='word_1_320' title='bbox 530 2089 688 2120; x_wconf 83' lang='lat' dir='ltr'>continet:</span> <span class='ocrx_word' id='word_1_321' title='bbox 727 2089 783 2119; x_wconf 91' lang='lat' dir='ltr'>vix</span> <span class='ocrx_word' id='word_1_322' title='bbox 811 2090 896 2120; x_wconf 89' lang='lat' dir='ltr'>enim</span> <span class='ocrx_word' id='word_1_323' title='bbox 927 2099 1036 2120; x_wconf 78' lang='lat' dir='ltr'>versus</span> <span class='ocrx_word' id='word_1_324' title='bbox 1067 2088 1229 2132; x_wconf 78' lang='lat' dir='ltr'>longiores</span> <span class='ocrx_word' id='word_1_325' title='bbox 1257 2088 1358 2120; x_wconf 74' lang='lat' dir='ltr'>fuisse</span> <span class='ocrx_word' id='word_1_326' title='bbox 1381 2095 1488 2132; x_wconf 88' lang='lat' dir='ltr'>putem</span> <span class='ocrx_word' id='word_1_327' title='bbox 1532 2090 1627 2130; x_wconf 83' lang='lat' dir='ltr'>(vide</span> <span class='ocrx_word' id='word_1_328' title='bbox 1656 2089 1710 2121; x_wconf 91' lang='lat' dir='ltr'>lin.</span> <span class='ocrx_word' id='word_1_329' title='bbox 1734 2092 1754 2122; x_wconf 85' lang='grc'><strong>7</strong></span> <span class='ocrx_word' id='word_1_330' title='bbox 1782 2088 1878 2131; x_wconf 85' lang='lat' dir='ltr'>fine).</span> <span class='ocrx_word' id='word_1_331' title='bbox 1927 2090 1980 2122; x_wconf 81' lang='lat' dir='ltr'>Ex</span> 
     </span>
     <span class='ocr_line' id='line_1_32' title="bbox 362 2142 1979 2191; baseline 0.002 -17"><span class='ocrx_word' id='word_1_332' title='bbox 362 2142 540 2181; x_wconf 89' lang='lat' dir='ltr'>volumine,</span> <span class='ocrx_word' id='word_1_333' title='bbox 578 2154 640 2174; x_wconf 89' lang='lat' dir='ltr'>non</span> <span class='ocrx_word' id='word_1_334' title='bbox 663 2155 704 2175; x_wconf 88' lang='lat' dir='ltr'>ex</span> <span class='ocrx_word' id='word_1_335' title='bbox 728 2151 855 2175; x_wconf 84' lang='lat' dir='ltr'>nostrae</span> <span class='ocrx_word' id='word_1_336' title='bbox 878 2144 999 2176; x_wconf 79' lang='lat' dir='ltr'>formae</span> <span class='ocrx_word' id='word_1_337' title='bbox 1023 2144 1126 2184; x_wconf 88' lang='lat' dir='ltr'>libro,</span> <span class='ocrx_word' id='word_1_338' title='bbox 1165 2146 1348 2187; x_wconf 84' lang='lat' dir='ltr'>decerptum</span> <span class='ocrx_word' id='word_1_339' title='bbox 1375 2156 1447 2177; x_wconf 84' lang='lat' dir='ltr'>esse</span> <span class='ocrx_word' id='word_1_340' title='bbox 1470 2146 1531 2177; x_wconf 90' lang='lat' dir='ltr'>hoc</span> <span class='ocrx_word' id='word_1_341' title='bbox 1551 2146 1764 2191; x_wconf 80' lang='lat' dir='ltr'>fragmentum</span> <span class='ocrx_word' id='word_1_342' title='bbox 1786 2152 1916 2189; x_wconf 81' lang='lat' dir='ltr'>apparet</span> <span class='ocrx_word' id='word_1_343' title='bbox 1937 2158 1979 2179; x_wconf 86' lang='lat' dir='ltr'>ex</span> 
     </span>
     <span class='ocr_line' id='line_1_33' title="bbox 361 2198 1980 2245; baseline 0.002 -15"><span class='ocrx_word' id='word_1_344' title='bbox 361 2205 507 2242; x_wconf 85' lang='lat' dir='ltr'>quattuor</span> <span class='ocrx_word' id='word_1_345' title='bbox 535 2198 690 2230; x_wconf 88' lang='lat' dir='ltr'>linearum</span> <span class='ocrx_word' id='word_1_346' title='bbox 717 2200 922 2242; x_wconf 78' lang='lat' dir='ltr'>fragmentis,</span> <span class='ocrx_word' id='word_1_347' title='bbox 964 2212 1046 2244; x_wconf 85' lang='lat' dir='ltr'>quae</span> <span class='ocrx_word' id='word_1_348' title='bbox 1076 2213 1095 2233; x_wconf 86' lang='lat' dir='ltr'>a</span> <span class='ocrx_word' id='word_1_349' title='bbox 1125 2202 1240 2234; x_wconf 89' lang='lat' dir='ltr'>dextra</span> <span class='ocrx_word' id='word_1_350' title='bbox 1271 2210 1360 2245; x_wconf 86' lang='lat' dir='ltr'>parte</span> <span class='ocrx_word' id='word_1_351' title='bbox 1390 2202 1561 2245; x_wconf 85' lang='lat' dir='ltr'>fragmenti</span> <span class='ocrx_word' id='word_1_352' title='bbox 1588 2209 1792 2245; x_wconf 81' lang='lat' dir='ltr'>comparent,</span> <span class='ocrx_word' id='word_1_353' title='bbox 1834 2209 1867 2234; x_wconf 88' lang='lat' dir='ltr'>et</span> <span class='ocrx_word' id='word_1_354' title='bbox 1895 2202 1980 2236; x_wconf 69' lang='lat' dir='ltr'>aliu·</span> 
     </span>
     <span class='ocr_line' id='line_1_34' title="bbox 361 2254 1978 2302; baseline 0.004 -17"><span class='ocrx_word' id='word_1_355' title='bbox 361 2255 525 2287; x_wconf 79' lang='lat' dir='ltr'>cuiusdam</span> <span class='ocrx_word' id='word_1_356' title='bbox 560 2254 727 2286; x_wconf 84' lang='lat' dir='ltr'>columnae</span> <span class='ocrx_word' id='word_1_357' title='bbox 767 2264 927 2289; x_wconf 79' lang='lat' dir='ltr'>extremas</span> <span class='ocrx_word' id='word_1_358' title='bbox 961 2257 1084 2290; x_wconf 86' lang='lat' dir='ltr'>litteras</span> <span class='ocrx_word' id='word_1_359' title='bbox 1120 2258 1341 2291; x_wconf 86' lang='lat' dir='ltr'>continebant:</span> <span class='ocrx_word' id='word_1_360' title='bbox 1378 2259 1411 2291; x_wconf 86' lang='lat' dir='ltr'>id</span> <span class='ocrx_word' id='word_1_361' title='bbox 1444 2259 1548 2302; x_wconf 88' lang='lat' dir='ltr'>quod,</span> <span class='ocrx_word' id='word_1_362' title='bbox 1585 2260 1729 2301; x_wconf 73' lang='lat' dir='ltr'>quamvis</span> <span class='ocrx_word' id='word_1_363' title='bbox 1762 2259 1978 2300; x_wconf 75' lang='lat' dir='ltr'>manifestum,</span> 
     </span>
    </p>
   </div>
   <div class='ocr_carea' id='block_1_12' title="bbox 359 2311 1978 2400">
    <p class='ocr_par' dir='ltr' id='par_1_12' title="bbox 359 2311 1978 2400">
     <span class='ocr_line' id='line_1_35' title="bbox 359 2311 1978 2358; baseline 0.002 -15"><span class='ocrx_word' id='word_1_364' title='bbox 359 2311 515 2344; x_wconf 87' lang='lat' dir='ltr'>Lancium</span> <span class='ocrx_word' id='word_1_365' title='bbox 544 2318 649 2343; x_wconf 85' lang='lat' dir='ltr'>tamen</span> <span class='ocrx_word' id='word_1_366' title='bbox 675 2311 795 2354; x_wconf 79' lang='lat' dir='ltr'>fugisse</span> <span class='ocrx_word' id='word_1_367' title='bbox 820 2314 959 2353; x_wconf 83' lang='lat' dir='ltr'>videtur,</span> <span class='ocrx_word' id='word_1_368' title='bbox 1000 2316 1054 2357; x_wconf 88' lang='lat' dir='ltr'>qui</span> <span class='ocrx_word' id='word_1_369' title='bbox 1076 2314 1134 2347; x_wconf 83' lang='lat' dir='ltr'>has</span> <span class='ocrx_word' id='word_1_370' title='bbox 1156 2314 1281 2347; x_wconf 67' lang='lat' dir='ltr'>litteras</span> <span class='ocrx_word' id='word_1_371' title='bbox 1304 2315 1344 2347; x_wconf 88' lang='lat' dir='ltr'>ad</span> <span class='ocrx_word' id='word_1_372' title='bbox 1366 2316 1470 2358; x_wconf 79' lang='lat' dir='ltr'>ipsum</span> <span class='ocrx_word' id='word_1_373' title='bbox 1493 2316 1628 2358; x_wconf 83' lang='lat' dir='ltr'>paginae</span> <span class='ocrx_word' id='word_1_374' title='bbox 1650 2316 1772 2358; x_wconf 83' lang='lat' dir='ltr'>primae</span> <span class='ocrx_word' id='word_1_375' title='bbox 1793 2322 1978 2349; x_wconf 81' lang='lat' dir='ltr'>contextum</span> 
     </span>
     <span class='ocr_line' id='line_1_36' title="bbox 360 2369 466 2400; baseline 0 -1"><span class='ocrx_word' id='word_1_376' title='bbox 360 2369 466 2400; x_wconf 84' lang='lat' dir='ltr'>traxit.</span> 
     </span>
    </p>
   </div>
   <div class='ocr_carea' id='block_1_13' title="bbox 357 2427 1977 2652">
    <p class='ocr_par' dir='ltr' id='par_1_13' title="bbox 357 2427 1977 2652">
     <span class='ocr_line' id='line_1_37' title="bbox 484 2427 1977 2486; baseline 0.004 -16"><span class='ocrx_word' id='word_1_377' title='bbox 484 2437 520 2470; x_wconf 92' lang='lat' dir='ltr'>ln</span> <span class='ocrx_word' id='word_1_378' title='bbox 537 2439 645 2470; x_wconf 78' lang='lat' dir='ltr'>altera</span> <span class='ocrx_word' id='word_1_379' title='bbox 659 2439 803 2486; x_wconf 77' lang='lat' dir='ltr'>eiusdem</span> <span class='ocrx_word' id='word_1_380' title='bbox 819 2439 987 2481; x_wconf 80' lang='lat' dir='ltr'>fragmenti</span> <span class='ocrx_word' id='word_1_381' title='bbox 996 2445 1128 2483; x_wconf 74' lang='lat' dir='ltr'>pagina</span> <span class='ocrx_word' id='word_1_382' title='bbox 1145 2441 1215 2484; x_wconf 89' lang='lat' dir='ltr'>(litt.</span> <span class='ocrx_word' id='word_1_383' title='bbox 1226 2440 1266 2482; x_wconf 87' lang='lat' dir='ltr'>B)</span> <span class='ocrx_word' id='word_1_384' title='bbox 1280 2443 1313 2474; x_wconf 88' lang='lat' dir='ltr'>in</span> <span class='ocrx_word' id='word_1_385' title='bbox 1329 2443 1483 2474; x_wconf 77' lang='lat' dir='ltr'>extremis</span> <span class='ocrx_word' id='word_1_386' title='bbox 1498 2441 1645 2474; x_wconf 68' lang='lat' dir='ltr'>versibus</span> <span class='ocrx_word' id='word_1_387' title='bbox 1656 2427 1848 2483; x_wconf 78' lang='lat' dir='ltr'>paucissima</span> <span class='ocrx_word' id='word_1_388' title='bbox 1865 2443 1977 2476; x_wconf 75' lang='lat' dir='ltr'>deesse</span> 
     </span>
     <span class='ocr_line' id='line_1_38' title="bbox 360 2495 1976 2542; baseline 0.004 -17"><span class='ocrx_word' id='word_1_389' title='bbox 360 2495 524 2534; x_wconf 72' lang='lat' dir='ltr'>videntur,</span> <span class='ocrx_word' id='word_1_390' title='bbox 561 2496 606 2526; x_wconf 87' lang='lat' dir='ltr'>ita</span> <span class='ocrx_word' id='word_1_391' title='bbox 632 2502 666 2526; x_wconf 89' lang='lat' dir='ltr'>ut</span> <span class='ocrx_word' id='word_1_392' title='bbox 693 2505 804 2527; x_wconf 78' lang='lat' dir='ltr'>versus</span> <span class='ocrx_word' id='word_1_393' title='bbox 832 2498 850 2527; x_wconf 86' lang='lat'>5</span> <span class='ocrx_word' id='word_1_394' title='bbox 874 2501 905 2526; x_wconf 87' lang='lat' dir='ltr'>et</span> <span class='ocrx_word' id='word_1_395' title='bbox 926 2498 946 2526; x_wconf 82' lang='lat'><strong>6</strong></span> <span class='ocrx_word' id='word_1_396' title='bbox 970 2507 1071 2538; x_wconf 88' lang='lat' dir='ltr'>paene</span> <span class='ocrx_word' id='word_1_397' title='bbox 1094 2499 1211 2540; x_wconf 85' lang='lat' dir='ltr'>integri</span> <span class='ocrx_word' id='word_1_398' title='bbox 1233 2500 1312 2538; x_wconf 82' lang='lat' dir='ltr'>sint,</span> <span class='ocrx_word' id='word_1_399' title='bbox 1350 2501 1472 2542; x_wconf 82' lang='lat' dir='ltr'>priores</span> <span class='ocrx_word' id='word_1_400' title='bbox 1498 2503 1644 2540; x_wconf 82' lang='lat' dir='ltr'>quattuor</span> <span class='ocrx_word' id='word_1_401' title='bbox 1675 2504 1797 2530; x_wconf 89' lang='lat' dir='ltr'>tantum</span> <span class='ocrx_word' id='word_1_402' title='bbox 1820 2498 1860 2530; x_wconf 89' lang='lat' dir='ltr'>ab</span> <span class='ocrx_word' id='word_1_403' title='bbox 1884 2501 1976 2532; x_wconf 91' lang='lat' dir='ltr'>initio</span> 
     </span>
     <span class='ocr_line' id='line_1_39' title="bbox 357 2547 1976 2598; baseline 0.004 -16"><span class='ocrx_word' id='word_1_404' title='bbox 357 2550 471 2582; x_wconf 89' lang='lat' dir='ltr'>mutili.</span> <span class='ocrx_word' id='word_1_405' title='bbox 514 2547 645 2583; x_wconf 28' lang='lat' dir='ltr'>Versus*</span> <span class='ocrx_word' id='word_1_406' title='bbox 660 2552 700 2590; x_wconf 79' lang='lat' dir='ltr'>ab</span> <span class='ocrx_word' id='word_1_407' title='bbox 721 2551 781 2583; x_wconf 90' lang='lat' dir='ltr'>hac</span> <span class='ocrx_word' id='word_1_408' title='bbox 802 2558 894 2594; x_wconf 84' lang='lat' dir='ltr'>parte</span> <span class='ocrx_word' id='word_1_409' title='bbox 913 2550 1076 2594; x_wconf 84' lang='lat' dir='ltr'>longiores</span> <span class='ocrx_word' id='word_1_410' title='bbox 1093 2553 1322 2598; x_wconf 84' lang='lat' dir='ltr'>columnaeque</span> <span class='ocrx_word' id='word_1_411' title='bbox 1345 2555 1515 2588; x_wconf 74' lang='lat' dir='ltr'>voluminis</span> <span class='ocrx_word' id='word_1_412' title='bbox 1532 2548 1667 2586; x_wconf 75' lang='lat' dir='ltr'>&#39;latiores</span> <span class='ocrx_word' id='word_1_413' title='bbox 1690 2554 1790 2587; x_wconf 72' lang='lat' dir='ltr'>fuisse</span> <span class='ocrx_word' id='word_1_414' title='bbox 1813 2556 1976 2589; x_wconf 80' lang='lat' dir='ltr'>videntur:</span> 
     </span>
     <span class='ocr_line' id='line_1_40' title="bbox 357 2607 1216 2652; baseline 0.006 -15"><span class='ocrx_word' id='word_1_415' title='bbox 357 2609 459 2638; x_wconf 81' lang='lat' dir='ltr'>maior</span> <span class='ocrx_word' id='word_1_416' title='bbox 481 2609 576 2640; x_wconf 84' lang='lat' dir='ltr'>etiam</span> <span class='ocrx_word' id='word_1_417' title='bbox 597 2609 681 2640; x_wconf 89' lang='lat' dir='ltr'>inter</span> <span class='ocrx_word' id='word_1_418' title='bbox 703 2607 847 2651; x_wconf 79' lang='lat' dir='ltr'>singulos</span> <span class='ocrx_word' id='word_1_419' title='bbox 871 2609 983 2641; x_wconf 58' lang='lat' dir='ltr'>versus*</span> <span class='ocrx_word' id='word_1_420' title='bbox 1003 2610 1216 2652; x_wconf 86' lang='lat' dir='ltr'>intercapedo.</span> 
     </span>
    </p>
   </div>
  </div>
 </body>
</html>
