2242 2976
287 274 579 309 MONUMENTA
596 274 746 308 SEMIT.
761 274 951 308 AEGYPT.
974 273 1299 308 LxanLxxv.
1311 274 1469 308 PAPYRI
1485 274 1786 309 BLACASSIANI.
1833 275 1907 313 245

496 375 514 407 1
621 398 629 406 .
658 399 666 406 .
721 369 820 418 quod
847 369 952 407 dabit
978 371 1013 406 ei
1038 377 1148 418 pater
1173 372 1254 407 eius
1303 399 1497 408 ......

495 439 516 471 2
620 463 628 471 .
656 463 663 471 .
717 436 892 484 princeps
917 435 1093 471 Deorum
1118 435 1282 483 Aegypti
1310 436 1380 485 qui
1427 464 1621 473 ......

495 503 516 535 3
623 526 816 536 ......
870 500 1081 550 (Aejgypti
1103 509 1140 538 et
1167 508 1275 538 erant
1326 529 1522 537 ......

494 568 518 600 4
624 592 818 600 ......
871 571 909 600 et
928 565 1078 614 peribit
1101 567 1255 603 iustitia
1306 594 1497 602 ......

493 633 513 665 5
619 657 814 665 ......
857 630 981 677 foras
1008 631 1148 668 ductus
1172 637 1231 668 est
1254 632 1314 668 vir
1366 657 1559 667 ......

492 696 514 729 6
619 721 813 731 ......
866 705 978 742 super
1003 701 1058 740 te,
1093 697 1166 733 Bar
1193 695 1329 733 Cibrah
1345 723 1354 741 ,
1390 702 1428 732 et
1481 721 1676 731 ......

496 762 515 794 7
621 786 809 796 ......
863 759 1063 796 benedicet
1088 759 1199 798 nobis
1226 762 1282 797 ad
1305 760 1521 797 vocandum
1546 764 1584 795 et
1612 785 1769 794 .....

491 827 512 859 8
616 831 655 860 et
682 824 863 861 dixerunt
889 825 923 860 ei
950 824 1120 862 dolorem
1146 839 1271 862 meum
1299 853 1494 862 ......

491 892 513 926 9
618 917 806 925 ......
858 891 899 927 in
925 892 1008 928 rivo
1053 919 1061 927 .
1090 919 1099 927 .
1129 919 1138 927 .
1166 919 1174 927 .
1207 892 1287 938 *ibis
1339 917 1531 927 ......

280 970 312 1001 in
336 970 450 1012 quibus
477 983 517 1003 ne
540 973 660 1004 frustra
683 972 788 1004 oleum
813 982 845 1005 et
867 985 995 1016 operam
1018 975 1194 1016 perdidisse
1217 974 1401 1012 videamur,
1424 974 1463 1005 de
1480 984 1560 1004 verS.
1577 976 1598 1003 4
1620 978 1652 1003 et
1674 974 1691 1003 5
1715 972 1905 1002 remittimus

278 1028 319 1059 nd
347 1027 375 1064 §-
401 1031 439 1067 3,
480 1035 511 1060 et
542 1029 696 1068 fatemur,
733 1030 765 1060 in
795 1029 1023 1063 verbis‘rwzz
1057 1030 1114 1071 (L.
1139 1030 1243 1070 maz)
1272 1029 1368 1061 Vers.
1391 1032 1411 1061 6
1440 1036 1471 1060 et
1498 1038 1595 1073 τηε-πρ
1626 1029 1686 1069 (L.
1709 1028 1904 1070 hux-:saluos

279 1086 492 1116 coniecturam
524 1086 626 1127 magis
655 1096 695 1116 ex
727 1084 857 1128 linguae
884 1085 993 1117 indole
1022 1087 1173 1128 petitam,
1205 1097 1298 1129 quam
1335 1085 1461 1117 litterae
1492 1085 1628 1128 figuram
1658 1086 1690 1115 in
1720 1082 1904 1126 apographo

278 1140 454 1173 exhibitam
478 1148 605 1173 secutos
628 1152 718 1181 esse,
749 1142 806 1173 sed
827 1143 859 1173 in
885 1141 1002 1173 talibus
1028 1141 1073 1173 nil
1097 1142 1231 1174 definire
1254 1153 1358 1184 posse.

406 1302 535 1334 Praeter
556 1301 616 1333 hos
639 1313 777 1344 papyros
799 1301 1025 1334 Blacassianos
1047 1302 1188 1334 Lancius
1209 1310 1363 1334 memorat
1379 1303 1442 1335 duo
1457 1302 1521 1334 alia
1535 1302 1714 1344 fragmenta
1728 1309 1905 1343 papyracea

279 1359 391 1390 eodem
426 1360 604 1401 scripturae
640 1370 759 1401 genere
791 1358 938 1401 impleta,
981 1358 1116 1390 alterum
1147 1358 1346 1400 Borgianum
1380 1361 1412 1390 in
1449 1359 1662 1401 Propaganda
1696 1362 1904 1392 asservatum,

278 1413 412 1446 alterum
442 1418 630 1457 rescriptum
661 1417 694 1447 in
728 1415 923 1449 bibliotheca
959 1414 1137 1454 Vaticana,
1177 1415 1261 1457 quod
1298 1416 1425 1457 quidem
1459 1423 1626 1457 utrumque
1656 1425 1676 1445 a
1709 1424 1744 1444 se
1782 1411 1904 1443 Romae

278 1471 473 1513 descriptum
503 1472 670 1503 nobiscum
700 1473 964 1510 communicavit,
995 1483 1057 1513 qua
1083 1478 1132 1503 est
1154 1471 1372 1510 humanitate,
1404 1471 1605 1513 Seyffarthus
1627 1470 1670 1502 V.
1695 1469 1744 1502 Cl.
1765 1468 1903 1500 liberum

278 1537 317 1559 eu
354 1529 471 1559 edendi
507 1528 674 1559 arbitrium
711 1527 805 1559 nobis
845 1529 1039 1569 permittens.
1103 1527 1167 1559 Sed
1199 1529 1313 1559 eodem
1345 1536 1487 1570 tempore
1521 1527 1656 1559 Beerius
1695 1525 1789 1557 nobis
1817 1524 1905 1555 misit

278 1586 442 1627 utriusque
478 1583 661 1625 exemplum
698 1594 741 1615 ex
774 1584 956 1626 apographo
996 1583 1171 1624 Seyffarthi
1213 1583 1311 1626 lapidi
1351 1586 1538 1626 inscriptum
1580 1594 1643 1614 una
1679 1594 1750 1614 cum
1793 1581 1904 1623 alpha-

277 1640 352 1672 beto
385 1647 417 1672 et
453 1639 564 1672 tabula
597 1640 748 1672 cifrarum
778 1642 811 1671 in
849 1651 968 1682 papyro
1007 1639 1168 1671 Vaticano
1205 1651 1224 1671 a
1263 1651 1298 1671 se
1335 1641 1579 1683 indagatarum,
1623 1650 1699 1670 mox
1736 1641 1769 1670 in
1803 1637 1904 1669 altera

276 1697 380 1729 libelli
407 1698 536 1738 saepius
564 1696 683 1728 laudati
714 1696 872 1739 particula
900 1697 1070 1728 edendum.
1126 1694 1230 1733 Quam
1261 1698 1363 1738 ipsam
1396 1697 1437 1728 ob
1467 1707 1593 1728 causam
1626 1707 1685 1727 nos
1716 1695 1756 1726 ab
1787 1694 1903 1725 horum

277 1754 527 1796 fragmentorum
551 1754 690 1784 editione
713 1753 936 1784 abstinendum
960 1754 1153 1795 putavimus.
1197 1750 1369 1785 Noluimus
1391 1755 1477 1785 enim
1499 1755 1568 1784 viro
1587 1753 1772 1784 doctissimo
1786 1752 1902 1782 iustam

276 1811 399 1852 primae
422 1810 571 1840 editionis
594 1808 719 1839 laudem
744 1811 945 1851 praeripere,
973 1809 1160 1850 praesertim
1183 1818 1277 1850 quum
1299 1810 1330 1840 id
1344 1832 1353 1847 ‚
1385 1810 1468 1851 quod
1487 1809 1630 1840 nnumin
1648 1807 1903 1853 hissragmentis

277 1868 410 1909 turpiter
434 1865 553 1897 habitis
576 1872 607 1896 et
628 1866 697 1907 ipso
721 1865 903 1906 Seyffartho
925 1865 1044 1896 fatente
1066 1866 1122 1895 vix
1144 1866 1224 1895 satis
1246 1873 1393 1896 accurate
1408 1866 1577 1908 descriptis
1594 1865 1750 1907 praestari
1766 1870 1901 1906 poterat,

276 1923 455 1955 litterarum
491 1930 523 1953 et
559 1922 710 1953 cisi-arum
747 1922 927 1964 indagatio,
971 1921 1011 1952 ab
1049 1932 1087 1952 eo
1125 1921 1189 1951 iam
1226 1923 1412 1963 praestitum
1449 1932 1521 1954 esse
1557 1921 1902 1958 animadverteremus,

277 1981 409 2012 oninino
433 1987 539 2011 autem
563 1978 614 2010 his
635 1978 824 2020 fragmentis
846 1979 878 2009 in
903 1977 1011 2009 Beerii
1032 1976 1116 2009 libro
1139 1980 1246 2021 aptior
1266 1979 1357 2013 locus
1380 1980 1442 2016 sit,
1478 1989 1573 2021 quam
1594 1979 1628 2009 in
1652 1983 1774 2009 nostro.

807 2172 1060 2230 CAPtJT
1105 2173 1379 2211 N.0NUM.

414 2250 1232 2291 PSEUDOPHOENICIA
1292 2253 1385 2289 ET
1446 2251 1762 2290 SPURIA.

404 2354 574 2397 Postquam
606 2361 746 2385 nostram
776 2353 816 2384 de
845 2350 945 2383 titulis
974 2361 1048 2383 vere
1080 2351 1263 2386 Phoeniciis
1291 2355 1537 2397 disputationem
1561 2354 1625 2384 iam
1646 2355 1783 2395 septimo
1806 2351 1900 2382 huius

276 2410 351 2442 libri
369 2413 471 2453 eapite
486 2410 684 2442 absolvimus
699 2417 731 2441 et
744 2414 859 2441 octavo
872 2407 958 2440 aliud
975 2415 1253 2442 monumentorum
1265 2422 1368 2453 genus
1385 2412 1603 2448 tractavimus,
1629 2409 1724 2452 quod,
1747 2407 1822 2439 licet
1836 2417 1899 2438 non

277 2465 495 2506 Phoenicium,
518 2474 623 2499 tamen
639 2478 711 2499 cum
725 2465 776 2498 his
792 2466 904 2497 intima
921 2465 1157 2497 necessitudine
1171 2468 1373 2500 coniunctum
1392 2475 1450 2506 est,
1466 2468 1606 2506 tandem,
1631 2477 1671 2497 ne
1689 2465 1763 2508 quid
1780 2471 1899 2495 temere

278 2518 423 2554 omisisse
437 2524 611 2563 videamur,
627 2523 709 2566 quod
722 2522 796 2554 huic
808 2529 1085 2554 monumentorum
1098 2525 1209 2564 generi
1223 2531 1468 2556 annumeratum
1480 2530 1541 2562 est,
1558 2523 1597 2555 de
1610 2520 1772 2554 nonnullis
1786 2530 1898 2551 mouu-

278 2579 394 2610 mentis
407 2581 524 2611 veteris
540 2581 715 2622 scripturae
730 2590 826 2623 agere
842 2580 943 2612 visum
961 2587 1020 2620 est,
1037 2592 1117 2624 quae
1135 2582 1248 2623 partim
1263 2581 1389 2623 quidem
1405 2581 1557 2622 genuina,
1569 2580 1625 2611 sed
1641 2588 1703 2609 non
1713 2576 1896 2614 Phoenicia,

279 2635 393 2676 partim
402 2633 586 2675 Phoenicia,
601 2644 739 2669 attamen
755 2648 817 2670 non
834 2638 974 2680 genuina
987 2645 1070 2670 sunt.
1102 2636 1187 2670 Tum
1204 2639 1288 2669 enim
1307 2635 1454 2668 nonnulli
1473 2636 1512 2667 de
1527 2635 1705 2666 litteratura
1722 2632 1896 2664 Phoenicia
