2242 2976
419 284 534 318 NUMI
557 284 706 318 PUNICI
728 284 945 318 AFRICANI.
990 285 1028 318 B.
1052 285 1169 319 NUMI
1191 284 1375 319 URBIUM.
1420 285 1550 319 XXIII.
1574 284 1736 318 VACCA.
1826 287 1900 323 319

411 380 519 423 Caput
554 380 696 412 imberbe
731 380 848 412 nudum
878 379 924 411 ad
950 379 1115 412 dextram.
1145 378 1360 411 ACHVLLA
1399 379 1422 411 P
1457 378 1676 418 QVINCTLI
1710 378 1826 413 VARI.
1872 380 1897 420 )(

282 437 390 479 Caput
417 437 567 480 Augusti
597 436 715 468 nudum
747 437 792 469 ad
811 440 875 469 sin.
905 440 995 468 inter
1020 436 1099 478 cajo·
1120 441 1152 468 ee
1175 436 1277 468 Iaccii
1298 437 1360 468 duo
1383 440 1496 479 capita
1517 437 1614 469 nuda.
1659 435 1755 470 AVG
1777 435 1897 468 PONT

279 493 390 525 MAX.
436 493 525 525 Infra
547 493 571 525 C
592 500 624 524 et
645 493 681 525 1.
698 499 729 524 et
751 492 925 535 epigraphe
947 492 1121 524 Phoenicia
1142 492 1203 525 litt.
1226 492 1265 526 A.
1296 493 1365 526 ΑΕ.
1394 492 1600 535 Barthelemy
1621 492 1713 524 lettre
1728 493 1747 523 a
1762 491 1897 524 Olivieri

279 550 342 582 tab.
365 554 396 581 4.
424 549 590 592 Lindberg
612 561 642 592 p.
667 552 719 582 39.
748 549 874 581 Eckhel
896 548 954 588 lv,
979 552 1048 581 133.

405 621 607 665 Epigraphen
638 622 853 665 Lindhergins
880 622 958 664 legit
988 632 1092 665 „amp
1117 621 1352 666 (Caesar2)“‚
1383 633 1424 654 ex
1449 630 1523 654 noto
1545 623 1614 654 eius
1637 633 1747 656 errore
1770 621 1898 665 palaeo-

278 678 452 722 graphico,
488 690 549 722 quo
572 680 699 721 signum
730 685 775 723 2
811 678 909 710 Schin
940 690 1010 711 esse
1043 680 1293 711 comminiscitur
1324 679 1373 721 (p.
1403 681 1454 710 31.
1479 681 1528 710 32.
1553 679 1642 719 299).
1667 667 1761 710 *1sz
1792 686 1897 710 autem

279 734 432 775 dubium,
462 737 538 778 quin
561 734 618 766 illa
638 734 777 784 legenda
799 736 841 766 sit

1055 789 1111 822 wip

278 849 444 891 (murus),
482 849 564 892 quod
598 851 708 880 nescio
739 860 778 881 an
810 857 901 882 vetus
929 849 1058 893 aliquod
1089 858 1120 882 et
1153 850 1361 882 domesticum
1391 851 1460 882 eius
1490 851 1628 882 civitatis
1651 860 1765 882 nomen
1789 848 1895 886 fuerit,

277 914 311 937 ut
331 907 364 938 in
388 905 430 938 V.
452 905 493 937 T.
516 907 587 952 izv-213
610 899 690 948 ψῃ,
721 909 817 955 nint}
843 917 910 949 ψῃ.

663 1022 819 1056 XXIII.
870 1023 1110 1068 VAQCA
1157 1033 1255 1058 SEU
1306 1025 1509 1058 VAGA.

410 1117 517 1149 Vacca
538 1128 564 1148 s.
595 1116 689 1159 Vaga
713 1116 821 1159 (Βάγα
850 1116 932 1149 Plut.
955 1116 1039 1148 Mar.
1061 1128 1091 1159 p.
1107 1113 1170 1149 409
1186 1128 1252 1160 sqq.
1278 1117 1385 1159 Οὖάγα
1410 1117 1541 1149 Ptolem.
1566 1118 1717 1160 oppidum
1746 1118 1896 1160 Vageme

276 1172 356 1206 Plin.
388 1173 430 1212 V,
459 1174 500 1214 4)
530 1171 659 1204 Africae
691 1175 803 1205 civitas
834 1180 902 1205 erat
931 1173 971 1205 ab
1001 1174 1165 1205 occidente
1197 1173 1364 1216 Bagradne
1392 1173 1482 1206 fluvii
1512 1175 1590 1212 sita,
1630 1184 1746 1216 magna
1774 1172 1830 1204 illa
1864 1181 1897 1203 et

277 1222 425 1271 opulenta
454 1229 620 1272 forumque
649 1234 756 1262 rerum
779 1229 940 1262 venalium
962 1231 1059 1261 totins
1082 1231 1173 1272 regni
1207 1231 1346 1262 maxime
1376 1229 1572 1262 celebratum
1602 1238 1734 1261 auctore
1763 1228 1895 1260 Sallust.

275 1285 345 1328 lug.
367 1288 419 1317 47.
443 1288 494 1317 69.
539 1286 659 1328 Sponte
690 1285 905 1318 Romanorum
936 1293 1042 1329 partes
1071 1293 1180 1318 secuta
1211 1293 1324 1330 postea
1352 1287 1467 1318 defecit
1496 1293 1528 1317 et
1556 1297 1575 1317 a
1597 1285 1751 1318 Romanis
1774 1293 1896 1317 vastata

276 1348 342 1380 est,
379 1341 474 1373 Plinii
496 1348 601 1374 autem
625 1349 767 1385 tempore
790 1353 809 1374 a
831 1342 954 1374 civibus
977 1342 1131 1374 Romanis
1153 1342 1311 1382 habitata,
1353 1354 1372 1374 a
1393 1342 1569 1375 Iustiniana
1593 1343 1699 1374 denuo
1721 1343 1843 1373 munita
1865 1348 1896 1372 et

275 1398 478 1430 Theodorias
508 1398 666 1441 appellata
693 1399 845 1442 (Procop.
875 1400 915 1431 de
938 1399 1033 1431 aedis.
1065 1398 1125 1438 VI,
1149 1399 1197 1441 5).
1223 1399 1384 1431 ·A1·abum
1418 1398 1602 1442 Geographi
1625 1400 1703 1441 {se->Q
1726 1395 1895 1440 appellant,

275 1457 400 1500 plenius
428 1458 519 1513 &AB
545 1459 625 1491 bl)
654 1458 806 1489 Badsclm
832 1461 943 1490 tritici
962 1460 1012 1500 (v.
1035 1457 1196 1490 Abulfeda
1219 1470 1268 1501 ap.
1291 1458 1541 1502 Bfischingium,
1572 1457 1723 1501 Magazin
1740 1457 1792 1488 fiir
1812 1465 1895 1487 neue

276 1517 418 1548 Historie
448 1517 512 1548 und
535 1517 653 1560 Geogr.
678 1516 738 1555 lv,
761 1519 834 1548 216.
880 1516 987 1550 Jakut.
1014 1518 1047 1549 in
1070 1517 1279 1549 Moschtarek
1302 1518 1332 1550 h.
1356 1519 1425 1559 v.),
1465 1525 1500 1549 ut
1529 1517 1726 1560 distinguant
1753 1515 1793 1548 ab
1822 1514 1896 1547 aliis

275 1573 464 1616 quibusdam
487 1574 611 1615 oppidis
634 1573 895 1616 cognominibus,
926 1579 961 1605 ut
982 1574 1077 1626 &9355
1104 1575 1182 1616 :4214
1205 1574 1358 1606 Badsclza
1380 1575 1456 1613 olei,
1480 1585 1559 1616 quae
1577 1580 1626 1605 est
1640 1563 1750 1605 Vacca
1765 1572 1894 1614 Byzacii

275 1634 356 1675 apud
389 1632 530 1664 Hirtium
561 1632 635 1664 bell.
666 1633 724 1665 afr.
754 1635 813 1672 74,
854 1631 1006 1675 aliisque,
1043 1634 1082 1665 de
1114 1633 1228 1676 quibus
1266 1634 1329 1666 vid.
1363 1632 1503 1664 Hamak.
1535 1631 1672 1664 Miscell.
1704 1644 1732 1675 p.
1764 1634 1815 1664 29.
1844 1634 1894 1663 30.

275 1688 310 1720 ln
342 1689 403 1720 hac
433 1696 541 1720 nostra
564 1688 721 1732 hodieque
744 1691 849 1720 forum
872 1689 1115 1721 frumentarium
1139 1689 1294 1721 celebrari
1319 1697 1426 1721 narrat
1449 1690 1586 1721 Shavius
1617 1689 1787 1731 (Voyages
1810 1687 1849 1720 Τ.
1870 1688 1894 1721 Ι.

277 1757 307 1787 p.
331 1745 432 1786 209),
466 1746 519 1787 qui
542 1747 637 1776 etiam
661 1746 700 1776 de
724 1747 786 1776 situ
810 1745 898 1776 urbis
921 1748 1063 1787 exponit.
1109 1746 1188 1777 Prae
1216 1748 1329 1778 ceteris
1352 1739 1457 1778 autem
1480 1753 1655 1777 memoratu
1679 1746 1812 1788 dignum
1835 1751 1895 1784 est,

265 1803 307 1833 sin
339 1802 456 1839 vicinia
484 1803 573 1840 eius,
611 1801 643 1831 in
677 1811 714 1831 ea
744 1801 884 1832 maxime
920 1803 1072 1843 regione,
1110 1813 1190 1844 quae
1223 1804 1305 1833 inter
1336 1802 1517 1834 Badscham
1546 1801 1726 1843 (Vaccam)
1758 1809 1790 1833 et
1819 1801 1900 1833 Keff

275 1858 440 1900 (Siccam)
475 1857 658 1895 interiacet,
691 1855 790 1888 multa
812 1865 1019 1889 monumenta
1043 1857 1366 1890 Punico-Numidica
1389 1866 1455 1889 tum
1478 1857 1617 1889 litterata
1640 1857 1787 1900 (Numid.
1811 1861 1841 1890 2.
1865 1860 1895 1890 3.

275 1915 314 1956 4)
338 1922 403 1946 tum
425 1913 589 1945 illitterata
612 1913 706 1953 (vide
726 1924 799 1956 pag.
823 1914 906 1954 210)
932 1921 1055 1956 reperta
1078 1926 1169 1958 esse,
1202 1915 1285 1946 unde
1309 1922 1394 1946 recte
1416 1914 1525 1957 colligi
1547 1921 1663 1957 potest,
1694 1921 1726 1946 et
1748 1915 1894 1957 oppidum

275 1978 306 2002 et
328 1972 464 2002 vicinam
487 1972 651 2013 regionem
674 1968 750 2001 olim
773 1969 1032 2003 florentissimam
1055 1970 1231 2013 incolisque
1254 1970 1537 2002 celebratissimam
1559 1971 1670 2003 fuisse.

402 2043 451 2075 De
483 2044 658 2075 domestica
688 2045 827 2075 nominis
857 2043 961 2076 forma
989 2034 1169 2095 Hamakeri.
1194 2044 1273 2076 haec
1302 2051 1350 2076 est
1380 2045 1561 2076 coniectura
1585 2043 1741 2086 (Miscell.
1763 2028 1793 2088 p.
1816 2046 1895 2085 30),

275 2104 364 2146 Βάγα
395 2103 470 2136 olim
501 2112 583 2142 mn,
623 2092 708 2149 l&
738 2104 888 2145 scriptum
917 2103 1034 2144 fuisse,
1073 2105 1157 2146 quod,
1184 2104 1310 2136 hortum
1331 2103 1508 2147 significet,
1545 2105 1697 2149 cuiusque
1719 2106 1894 2147 scripturae

276 2164 444 2206 vestigium
467 2164 499 2194 in
524 2165 594 2206 ipsa
615 2164 823 2206 inscriptione
846 2163 976 2195 Numid.
996 2167 1016 2194 4
1039 2162 1094 2194 lin.
1116 2166 1135 2195 3
1158 2163 1252 2210 (gide
1277 2174 1347 2206 pag.
1372 2164 1454 2205 207)
1475 2165 1661 2207 reperiatur.
1706 2164 1770 2196 Sed
1793 2175 1894 2206 neque

276 2221 307 2251 in
334 2219 396 2251 hac
425 2218 487 2250 tale
518 2220 591 2262 quid
621 2219 758 2262 legitur,
802 2231 904 2263 neque
934 2219 1013 2251 illud
1045 2218 1212 2261 veriloquii
1243 2220 1428 2251 inveniendi
1452 2209 1630 2262 periculum
1653 2220 1805 2253 credibile
1835 2227 1893 2259 est,

276 2290 372 2321 quum
403 2269 489 2325 Q
520 2279 632 2311 hortm·
662 2280 789 2321 proprie
820 2279 980 2311 Persicum
1013 2280 1054 2310 sit
1084 2281 1197 2331 (ἐς),
1240 2281 1330 2312 euius
1365 2281 1499 2323 originis
1529 2279 1685 2312 vocabula
1719 2281 1752 2312 in
1785 2279 1894 2322 lingua

278 2337 395 2370 Punica
434 2346 467 2371 et
504 2337 677 2370 Numidica
714 2340 768 2370 vix
803 2346 979 2380 exspectes.
1037 2338 1215 2370 Genuinam
1256 2346 1362 2371 autem
1393 2341 1535 2372 nominis
1564 2339 1699 2371 formam
1731 2341 1893 2372 continere

278 2393 421 2426 videntur
444 2394 477 2426 hi
507 2395 616 2433 numi,
650 2397 703 2437 qui
727 2394 856 2427 Boccho
878 2396 911 2426 in
935 2394 1025 2426 libris
1049 2396 1280 2433 numismaticis
1304 2395 1399 2439 vulgo
1423 2396 1533 2428 tributi
1555 2402 1630 2428 sunt
1653 2396 1710 2438 (cf.
1733 2395 1891 2438 palaeogr.

277 2448 407 2481 Studien
436 2462 465 2492 p.
488 2452 584 2492 101):

404 2521 442 2551 A.
491 2521 597 2563 Capu!
626 2521 776 2564 Augusti
803 2522 920 2554 mulum
951 2522 996 2553 ad
1024 2525 1085 2553 eiu.
1120 2525 1155 2553 in
1183 2532 1302 2562 corona
1325 2523 1450 2554 laurea.
1483 2521 1513 2564 )(
1542 2522 1621 2554 Duo
1644 2526 1766 2564 capita,
1795 2522 1892 2553 virile

278 2579 310 2605 et
340 2576 494 2607 muliebre
525 2577 676 2618 (Antonii
707 2586 737 2609 et
767 2577 921 2610 Octaviae
948 2579 987 2610 cf.
1019 2578 1158 2610 Pellerin
1189 2590 1261 2621 pag.
1288 2579 1390 2619 147),
1430 2588 1475 2610 ex
1498 2579 1634 2610 adverso
1652 2582 1782 2620 posita,
1820 2589 1890 2610 cum

278 2631 448 2673 epigraphe
472 2631 520 2662 1V
539 2633 730 2672 litterarum,
764 2645 791 2666 v.
819 2634 953 2666 Pellerin
979 2635 1035 2673 111,
1059 2635 1122 2667 tab.
1149 2639 1221 2672 120,
1246 2646 1298 2666 no.
1321 2639 1351 2665 4.
1383 2634 1527 2666 Mionnet
1552 2634 1611 2672 VI,
1635 2637 1706 2665 612.
