2242 2976
261 285 378 319 NUMI
391 281 542 317 PUNICI
556 256 776 318 AFRICANI.
813 281 943 317 XXVI.
957 282 1100 318 Arme.
1115 281 1414 322 ALIARUMQUE
1427 281 1526 316 REG.
1544 281 1660 317 NUMI
1679 282 1764 316 lNc.
1813 287 1885 321 327

261 379 433 423 Comparet
460 380 559 422 igitur
589 378 669 422 Siga
697 377 731 410 in
762 377 823 410 hac
849 386 1021 410 numorum
1053 377 1155 410 classe
1185 376 1249 409 alio
1278 376 1431 410 attributo
1466 384 1598 417 ornata,
1638 387 1732 421 quam
1760 377 1886 421 vulgari

262 444 353 481 &pm
385 437 480 475 ιὺῂ,
519 436 603 478 quod
631 435 758 478 quidem
788 435 891 476 ipsum
921 434 960 466 ad
989 433 1164 466 Herculem
1194 433 1309 465 referri
1335 434 1472 466 videtur.
1516 434 1612 466 Haud
1642 435 1710 466 scio
1737 437 1820 466 enim
1843 442 1884 466 an

256 498 359 536 pater
388 503 476 525 mem
509 493 597 534 (sive
625 500 684 523 rex
712 490 872 533 loquitur,
908 491 978 522 sive
1008 490 1141 533 civitas)
1171 490 1259 522 urbis
1289 497 1414 532 patrem
1443 501 1469 523 s.
1493 491 1689 523 conditorem
1712 490 1883 534 significet,

261 551 353 582 cuius
375 549 475 581 robur
496 560 522 581 s.
544 551 771 580 munimentum
792 547 869 579 urbs
890 546 931 579 ab
955 558 994 578 eo
1017 548 1145 578 condita
1169 546 1355 589 appelletur.

390 623 420 651 2.
463 618 578 661 Longe
600 615 759 649 difficilior
783 617 824 648 ad
845 617 1119 659 interpretandum
1141 622 1189 649 est
1211 615 1275 648 alia
1295 616 1488 659 epigraphe,
1529 624 1561 649 et
1582 619 1651 660 ipsa
1676 618 1716 650 ad
1741 617 1883 650 Africam

263 677 445 718 pertinens,
475 676 508 706 in
532 673 652 712 tribus,
681 684 761 716 quae
787 673 869 712 vidi,
900 672 1112 716 apographis,
1142 671 1319 716 paullulum
1342 674 1479 705 diversa.

394 746 502 788 Caput
523 744 681 787 Auguetir
693 743 812 775 nudum
834 743 881 775 ad
899 746 961 775 sin.
1005 740 1095 776 IMP.
1117 742 1223 775 AVG.
1246 743 1282 775 P.
1304 743 1340 775 P.
1376 744 1402 786 )(
1439 743 1547 786 Caput
1568 744 1725 776 muliebre
1745 746 1886 777 velatum

261 802 308 835 ad
328 802 459 841 dextr„
489 811 571 844 pone
594 805 755 843 sceptrum
778 799 985 839 cruciforme.
1020 799 1101 831 Litt.
1122 799 1147 832 C
1170 808 1233 833 sec.
1257 799 1417 842 Bayerum
1439 799 1504 832 tab.
1528 802 1558 839 3,
1581 811 1633 832 no.
1657 805 1678 832 4
1701 802 1749 833 ed.
1771 812 1885 844 germ„

261 857 320 890 litt.
349 858 381 890 D
411 869 473 890 sec.
497 855 691 889 Pellerinum
720 855 782 895 111,
812 855 877 888 tab.
903 859 959 887 121
986 867 1038 887 ne.
1064 858 1114 888 17.
1164 855 1227 888 litt.
1252 857 1280 888 E
1302 857 1476 888 secundum
1497 856 1663 896 Falbium,
1697 856 1886 890 recherches

260 925 289 957 μ
315 917 389 946 119.
414 917 475 946 120
500 913 565 945 tab.
589 908 609 945 6
632 924 684 944 no.
710 915 760 944 2¹.

389 983 485 1015 Duae
515 983 642 1015 litterae
671 983 864 1024 posteriores
895 983 928 1013 in
960 980 997 1013 C.
1027 981 1057 1014 E
1085 982 1256 1014 manifesto
1283 989 1358 1014 sunt
1386 991 1454 1022 ἢκ,
1492 984 1525 1015 in
1552 982 1584 1015 D
1616 991 1682 1027 ηρ,
1717 984 1801 1026 quod
1831 984 1885 1016 vix

261 1038 430 1083 probabile
455 1046 512 1071 est.
557 1038 640 1084 Tres
664 1039 787 1080 priores
809 1039 843 1069 in
865 1036 971 1069 Falbii
993 1036 1160 1079 exemplo,
1192 1038 1275 1080 quod
1297 1038 1428 1081 reliquis
1451 1040 1630 1071 distinctius
1653 1046 1685 1070 et
1707 1041 1885 1071 accuratius

261 1103 323 1136 est,
348 1097 403 1127 vix
424 1094 518 1127 aliter
539 1094 604 1138 legi
626 1100 761 1136 possunt
783 1104 877 1136 quam
900 1102 984 1128 *mn-
1026 1092 1156 1136 Integra
1176 1094 1275 1136 igitur
1296 1095 1470 1137 epigraphe
1493 1106 1564 1127 esse
1587 1096 1713 1128 videtur

615 1172 674 1209 ἢκ
705 1170 791 1208 ’mn
1169 1163 1440 1211 primogenita
1474 1163 1571 1212 Tyri

262 1247 348 1290 quod
368 1246 457 1278 urbis
476 1245 642 1277 cuiusdam
664 1256 683 1276 a
706 1244 816 1286 Tyriis
839 1245 986 1276 conditae
1009 1252 1041 1276 et
1064 1244 1210 1278 ultimam
1231 1247 1451 1288 antiquitatem
1475 1246 1654 1279 affectantis
1677 1249 1746 1279 sive
1769 1258 1884 1279 nomen

263 1304 473 1336 domesticum
496 1304 564 1334 sive
587 1301 772 1333 attributum
804 1301 866 1341 (cf.
896 1301 964 1344 sig.
995 1300 1054 1333 litt.
1085 1300 1111 1333 C
1142 1309 1175 1334 et
1201 1314 1298 1345 supra
1319 1302 1379 1334 litt.
1401 1302 1452 1343 A)
1484 1309 1553 1334 erat
1582 1304 1646 1343 (of.
1670 1311 1736 1348 2:13]
1761 1312 1828 1348 περς
1850 1305 1884 1335 in

263 1358 307 1393 V.
330 1358 372 1391 T.
396 1359 435 1391 de
459 1358 703 1401 primogenito).
748 1357 812 1389 Sed
835 1359 927 1389 cuius
952 1359 1013 1397 sit,
1053 1359 1085 1390 id
1108 1359 1140 1390 in
1167 1359 1273 1391 medio
1295 1358 1451 1402 relinquo.

391 1432 423 1462 3.
467 1428 522 1460 Sic
550 1429 584 1460 in
615 1429 720 1467 numi,
756 1438 850 1470 quem
871 1439 891 1459 a
912 1427 1088 1460 Pelleriuio
1111 1427 1153 1469 (l.
1176 1439 1203 1461 c.
1227 1439 1280 1460 no.
1302 1429 1364 1471 25)
1386 1430 1558 1472 repetitum
1580 1429 1656 1461 dedi
1677 1429 1738 1462 sub
1759 1429 1821 1462 litt.
1845 1428 1883 1468 F,

264 1497 380 1519 aversa
401 1492 491 1529 parte
510 1486 590 1517 satis
611 1484 782 1527 perspicue
803 1483 923 1527 legitur

644 1559 703 1595 :pa
726 1557 777 1595 γη
947 1548 951 1550 ἡ
1225 1554 1323 1586 telum
1342 1563 1505 1596 pungent.
1553 1539 1556 1547 Ι

326 1619 332 1627 ’
391 1620 456 1653 Sed
486 1620 562 1663 quid
591 1619 654 1652 hoc
682 1619 746 1651 sibi
774 1618 854 1651 velit
882 1625 915 1651 et
944 1629 1007 1663 quo
1038 1621 1195 1663 pertineat
1224 1631 1358 1660 numus,
1394 1631 1498 1664 neque
1527 1631 1588 1664 ego
1612 1619 1719 1653 dicere
1739 1631 1883 1664 possum,

263 1689 367 1722 neque
390 1677 431 1709 ab
453 1676 518 1708 alio
542 1686 701 1719 quoquam
723 1676 842 1708 dictum
864 1683 921 1708 est.

952 1762 969 1781 ἡ
1065 1762 1082 1782 t
1178 1763 1196 1783 ³¹

390 1859 484 1891 Addo
506 1858 571 1890 alia
592 1859 747 1900 quaedam
768 1860 908 1898 rariora,
939 1866 973 1891 ut
995 1860 1136 1898 videtur,
1167 1860 1376 1898 numismata,
1407 1859 1447 1891 ab
1469 1858 1540 1891 aliis
1559 1859 1652 1891 aliter
1674 1859 1833 1892 delineata
1854 1869 1886 1892 et

264 1918 365 1949 edita:
394 1927 434 1947 eo
462 1917 664 1958 potissimum
688 1915 841 1955 consilio,
871 1922 904 1947 ut
926 1916 1040 1947 harum
1063 1915 1240 1947 litterarum
1260 1917 1369 1957 periti,
1406 1916 1519 1958 quibus
1542 1915 1690 1958 exempla
1711 1927 1820 1948 eorum
1845 1918 1885 1949 ad

264 1984 377 2006 manus
399 1979 490 2010 sunt,
525 1971 717 2014 epigraphas
750 1971 855 2003 denuo
878 1972 1049 2015 diligenter
1073 1973 1258 2004 examinent
1280 1978 1311 2003 et
1332 1973 1512 2003 accuratius
1535 1973 1641 2005 edant.

389 2047 421 2075 4.
465 2042 627 2074 Hercules
658 2042 763 2073 medua
791 2043 836 2074 ad
864 2043 1017 2074 dextram
1044 2043 1203 2085 gradiens
1217 2064 1226 2080 ,
1269 2052 1364 2073 manu
1393 2024 1516 2073 dextra
1546 2047 1705 2082 extensa,
1746 2047 1884 2076 simma

264 2101 389 2133 clavam
418 2104 541 2131 tenens.
592 2098 627 2129 ln
660 2109 736 2129 area
765 2099 846 2130 duae
882 2098 1010 2130 litterae
1045 2099 1239 2130 Phoeniciae
1269 2108 1313 2132 '5:-
1351 2098 1376 2138 )(
1412 2098 1584 2140 Pagurm,
1621 2099 1706 2131 infra
1736 2107 1884 2142 quattuor

262 2156 388 2188 litterae
411 2155 611 2198 phoeniciae.
654 2153 741 2186 Vide
768 2154 907 2186 Pellerin
937 2154 1047 2197 Suppl.
1070 2155 1136 2193 111,
1158 2157 1209 2186 91.
1248 2154 1397 2186 Mionnet
1421 2154 1461 2194 V,
1483 2166 1514 2197 p.
1535 2158 1607 2188 472.
1635 2167 1687 2188 ne.
1713 2159 1786 2188 910.
1810 2160 1883 2195 911,

267 2213 330 2245 tab.
353 2215 395 2245 30
417 2211 468 2243 bis
492 2222 543 2243 no.
566 2214 596 2243 9.
622 2213 672 2242 10.
700 2210 906 2243 Bellermann
929 2211 977 2243 lv
1000 2222 1029 2253 p.
1055 2213 1202 2242 10—12.
1245 2210 1316 2242 ΑΕ.
1341 2213 1371 2244 3.

391 2283 517 2315 Planta
546 2280 596 2311 vel
613 2280 749 2319 folium.
785 2281 810 2322 )(
848 2281 968 2312 Eadem
1000 2291 1130 2320 aversa,
1165 2291 1195 2313 v.
1222 2279 1393 2312 Neumann
1417 2290 1502 2312 num.
1524 2281 1609 2313 ined.
1639 2281 1678 2313 Τ.
1702 2282 1727 2313 1.
1763 2282 1826 2314 tab.
1852 2288 1881 2321 1,

267 2350 320 2371 no.
345 2342 384 2371 13
413 2339 454 2371 cf.
480 2337 521 2369 T.
544 2337 575 2368 ΙΙ
603 2337 668 2369 tab.
690 2341 712 2368 4
734 2348 787 2369 no.
810 2341 839 2369 8.
882 2336 952 2369 ΑΕ.
976 2339 1006 2368 3.

394 2409 593 2451 Epigraphes
615 2408 809 2440 Phoeniciae
831 2413 978 2450 quattuor
998 2405 1147 2448 exempla
1161 2407 1253 2445 dedi,
1275 2405 1336 2438 litt.
1352 2406 1379 2438 A
1395 2417 1437 2438 ex
1452 2406 1634 2438 Neumanni
1656 2405 1696 2438 T.
1713 2407 1738 2438 Ι.
1759 2407 1822 2439 tab.
1842 2411 1881 2447 1.‚

267 2464 304 2497 B.
326 2463 353 2496 C
376 2476 417 2497 ex
435 2464 601 2496 Mionneto
623 2464 644 2496 l.
668 2476 714 2504 c.‚
750 2464 782 2496 D
812 2475 853 2496 ex
880 2462 1098 2495 Bellermanni
1127 2462 1351 2494 delineatione.
1395 2462 1501 2494 Valde
1521 2463 1668 2494 diversae
1690 2470 1764 2494 sunt
1786 2465 1884 2494 inter-

268 2528 389 2563 pretum
412 2522 450 2552 de
473 2531 512 2552 ea
533 2523 736 2553 coniecturae
751 2519 874 2561 (Eckel
890 2519 937 2551 ΙΙΙ
951 2530 982 2562 Ρ.
995 2521 1089 2560 419).
1120 2518 1364 2551 Bellermannus
1386 2519 1409 2550 l.
1426 2530 1451 2550 c.
1471 2528 1552 2554 *nrm
1574 2518 1652 2561 legit
1672 2526 1703 2550 et
1719 2519 1882 2561 Raphae'am

267 2576 468 2608 Palaestinae
491 2578 601 2609 urbem
626 2577 795 2620 intelligit,
832 2577 915 2619 quod
946 2586 1042 2618 quum
1064 2575 1143 2608 alias
1164 2576 1205 2608 ob
1229 2587 1340 2607 causas
1364 2582 1429 2606 tum
1456 2586 1512 2617 per
1536 2574 1658 2606 litteras
1682 2577 1825 2616 quamvis
1847 2577 1880 2607 in

269 2634 365 2664 variis
380 2632 534 2675 exemplis
547 2634 689 2667 diversas
710 2644 775 2665 non
789 2632 882 2665 licet:
904 2631 1083 2664 Pellerinus
1098 2640 1207 2664 contra
1219 2632 1317 2664 Birth
1333 2642 1525 2674 numumque
1540 2632 1579 2662 ad
1597 2630 1748 2662 Bruttios
1762 2631 1880 2671 retulit,
