2242 2976
499 277 559 310 DE
582 275 790 311 LITTERIS
812 279 1063 312 PHOENICIIS
1105 282 1134 320 §-
1167 283 1219 313 31.
1261 279 1405 313 RESCH
1427 275 1635 313 LITTERA.
1842 284 1892 321 45

269 379 410 404 erectum
439 383 527 412 esse,
563 372 682 405 Daleth
716 374 827 416 (cuius
850 373 963 417 :figura
993 375 1101 406 nativa
1134 373 1214 405 haec
1244 381 1293 406 est
1328 376 1390 417 Δ)
1412 376 1453 408 ad
1476 376 1639 407 sinistram
1663 374 1815 408 inclinari
1838 378 1891 419 (v.

269 438 356 472 rma
387 429 478 461 Sard.
501 429 552 471 3).

397 484 509 528 Capite
532 497 671 530 superne
693 493 803 530 aperto

270 680 376 713 Resch
406 682 546 724 pingitur
575 683 608 714 in
638 681 717 715 solis
747 681 868 714 Ciliciis
898 681 960 724 (A.
984 681 1023 713 B.
1046 680 1083 714 C.
1107 682 1157 723 G)
1192 689 1223 714 et
1252 683 1285 714 in
1314 684 1411 715 inser.
1441 681 1622 716 oxoniensi
1652 696 1675 716 s.
1706 685 1768 719 Cit.
1791 691 1820 719 2.
1866 688 1895 720 A

271 738 519 782 tachygraphico
541 745 647 771 autem
671 740 776 772 studio
798 738 940 781 profecta
961 745 1036 771 sunt
1058 738 1139 770 haec
1160 740 1272 782 signa,
1311 751 1445 782 quorum
1468 749 1562 783 caput
1584 741 1637 774 hic
1659 742 1725 774 illic
1747 743 1854 775 deficit

934 796 963 810 ιι
1064 795 1096 810 12
1185 796 1215 811 ιε

267 947 400 988 (undec.
423 947 505 981 Abd.
526 948 564 986 C.
588 949 624 981 F.
651 949 732 982 Gad.
755 949 791 981 F.
821 949 952 981 duodec.
974 948 1105 980 Numid.
1120 954 1153 988 4,
1171 952 1200 981 1.
1233 953 1309 981 tert.
1326 950 1395 981 dec.
1418 949 1498 982 Abd.
1520 950 1572 993 D)
1602 959 1634 984 et
1655 954 1782 985 tandem
1800 954 1893 997 plane

267 1005 398 1036 evanuit
419 1004 474 1048 (ut
496 1007 529 1037 in
552 1005 711 1038 similibus
732 1005 857 1037 litterae
881 1004 1000 1036 Daleth
1029 1012 1061 1036 et
1082 1004 1165 1036 Beth
1191 1004 1342 1048 figuris),

1045 1062 1075 1077 1⁴

267 1163 391 1206 (quart.
410 1164 479 1196 dec.
502 1163 580 1206 Tyr.
604 1164 647 1197 K.
670 1165 710 1197 L.
732 1164 778 1197 M.
809 1164 957 1196 Sabrath.
979 1164 1039 1207 F).

395 1219 564 1253 Caeterum
588 1222 649 1264 ipsi
673 1222 851 1254 Phoenices
873 1222 1073 1264 experientia
1095 1221 1199 1254 edocti
1221 1222 1361 1253 sensisse
1378 1221 1544 1261 videmur,
1567 1221 1807 1254 nimis'facilem
1822 1233 1893 1255 esse

266 1274 442 1309 litterarum
471 1277 610 1317 Daleth,
650 1278 733 1310 Beth
765 1285 797 1310 et
825 1277 929 1310 Resch
960 1279 1043 1309 inter
1073 1289 1107 1310 se
1145 1278 1384 1310 confusionem:
1422 1286 1612 1321 quapropter
1642 1280 1675 1311 in
1704 1281 1892 1312 recentioris

268 1334 408 1364 maxime
431 1335 544 1365 aetatis
567 1336 782 1366 monumentis
798 1334 903 1366 Resch
920 1334 1038 1366 lineam
1054 1334 1151 1367 habet
1166 1335 1362 1366 diacriticam
1376 1335 1477 1366 instar
1492 1334 1521 1366 R
1534 1334 1659 1367 litterae
1673 1335 1891 1368 Romanorum

267 1388 382 1431 (qnam
405 1391 500 1422 etiam
522 1392 556 1421 in
580 1392 795 1423 monumentis
818 1390 952 1423 Graecis
983 1392 1117 1433 reperiri
1145 1393 1288 1431 constat)

917 1459 919 1461 .
1067 1445 1096 1462 15

267 1598 317 1642 (v.
343 1610 428 1631 num.
445 1599 523 1641 Tyr.
538 1599 564 1631 I.
589 1598 687 1631 lubae
703 1610 770 1631 sen.
792 1598 834 1632 A.
851 1598 889 1631 Β.
908 1598 944 1630 C.
969 1598 1093 1641 Tripol.
1112 1603 1142 1631 1.
1167 1598 1256 1642 Trip.
1272 1603 1303 1639 2,
1321 1603 1349 1632 1.
1373 1598 1502 1631 Numid.
1518 1602 1548 1639 5,
1566 1601 1587 1632 2
1608 1602 1640 1632 in
1657 1610 1737 1641 ἱππ,
1760 1600 1890 1634 Numid.

266 1658 298 1693 6,
313 1661 343 1688 2.
358 1658 417 1697 4),
455 1658 524 1688 sive
554 1656 634 1688 haec
664 1657 825 1688 distinctio
847 1667 866 1687 a
890 1655 1105 1687 Phoenicibus
1132 1657 1267 1698 primum
1291 1658 1422 1687 inventa
1444 1657 1483 1688 ad
1509 1655 1650 1689 Graecos
1675 1664 1706 1689 et
1728 1657 1892 1690 Romanos

265 1713 410 1751 transiit,
447 1715 516 1744 sive
547 1712 586 1744 ab
616 1713 668 1744 his
698 1713 823 1744 demum
857 1714 1037 1755 excogitata
1067 1719 1099 1743 et
1127 1724 1146 1744 a
1174 1712 1389 1744 Phoenicibus
1420 1714 1569 1755 adoptata
1599 1721 1664 1753 est,
1710 1726 1889 1757 quanquam

263 1769 354 1810 prius
377 1768 457 1801 illud
482 1771 583 1812 magis
606 1768 711 1811 placet
731 1770 771 1809 ²³).
814 1767 994 1811 Singularis
1017 1775 1122 1800 autem
1144 1770 1178 1800 in
1203 1768 1264 1801 hac
1286 1768 1391 1812 figura
1411 1769 1601 1812 Lindbergii
1621 1781 1710 1802 error
1738 1772 1789 1814 (p.
1806 1771 1890 1813 49),

265 1825 318 1866 qni
334 1835 404 1856 eam
428 1825 514 1858 Beth
537 1836 607 1857 esse
630 1824 771 1867 putabat.

392 1881 527 1924 Figuras
549 1893 638 1914 raras
662 1888 693 1913 et
713 1883 853 1913 incertas
876 1881 916 1913 ad
940 1882 1074 1913 eandem
1098 1881 1203 1913 Resch
1227 1881 1368 1915 litteram
1397 1880 1591 1925 pertinentes
1618 1883 1718 1916 habes
1750 1883 1811 1916 Cit.
1835 1887 1888 1924 25,

265 1944 297 1968 et
318 1948 402 1968 num.
427 1937 506 1979 Tyr.
530 1937 569 1969 G.

435 1994 607 2037 „Figurae
626 1995 866 2037 antiquissimae
886 2001 917 2026 et
938 1996 1120 2037 primitivae
1144 2006 1194 2026 no.
1213 1999 1241 2026 1.
1257 1999 1276 2027 2
1297 2003 1329 2027 et
1351 2007 1403 2028 no.
1419 1999 1436 2028 5
1461 1997 1499 2028 ad
1522 1995 1663 2028 Graecos
1683 2004 1715 2028 et
1736 1997 1889 2029 Etruscos

349 2073 369 2090 ‚,
378 2052 593 2082 transierunt:
618 2063 688 2083 cum
710 2051 824 2082 iisdem
847 2058 940 2094 atque
963 2051 1116 2083 Romanis
1133 2051 1311 2084 Phoenices
1334 2064 1534 2084 communem
1558 2053 1677 2085 habent
1697 2053 1834 2096 figuram
1850 2057 1887 2086 15

349 2099 430 2165 „fl
447 2133 456 2149 ,
491 2121 522 2143 v.
546 2122 651 2153 supra.
701 2110 777 2142 Sola
803 2112 967 2153 primitiva
994 2110 1051 2142 illa
1081 2111 1285 2154 triangularis
1313 2112 1384 2153 (no.
1411 2116 1437 2144 1.
1460 2112 1500 2154 2)
1531 2112 1742 2145 samaritanis
1772 2115 1889 2145 usitata

350 2172 482 2212 „est-in
507 2169 670 2202 codicibus
693 2169 840 2209 biblicis,
878 2171 934 2202 sed
957 2169 1035 2202 alibi
1056 2171 1151 2202 etiam
1175 2173 1311 2203 rotunda
1333 2179 1475 2203 utuntur.

436 2226 538 2269 „rig
564 2229 603 2258 10
633 2215 735 2269 capite
765 2238 901 2269 superne
931 2234 1040 2269 aperto
1071 2227 1212 2269 vulgaris
1241 2235 1289 2259 est
1317 2229 1349 2259 in
1382 2229 1487 2260 numis
1519 2227 1686 2268 hebraeis,
1724 2231 1756 2261 in
1781 2229 1886 2271 lapide

348 2282 701 2326 ‚,Carpentoractensi‚
725 2285 805 2323 etin
824 2282 1022 2324 Palmyrenis
1039 2283 1295 2316 oxoniensibus.
1339 2284 1373 2316 In
1398 2284 1471 2317 aliis
1493 2285 1525 2316 id
1548 2297 1650 2328 genus
1673 2287 1886 2317 monumentis

347 2341 549 2379 „aramaeis,
589 2347 623 2371 ut
657 2341 691 2371 in
726 2339 943 2371 Blacassianis
977 2346 1009 2370 et
1044 2339 1243 2381 Palmyrenis
1271 2340 1442 2380 Romanis,
1476 2349 1569 2384 caput
1598 2344 1699 2385 magis
1722 2344 1885 2385 magisque

348 2419 371 2436 „
381 2398 529 2436 evanuit,
564 2403 599 2428 ut
622 2403 691 2428 orta
712 2397 755 2428 sit
777 2395 882 2439 figura
904 2397 1076 2438 quadratae
1097 2390 1214 2429 'similis
1239 2410 1271 2432 η.

316 2519 341 2552 ²⁸)
367 2521 447 2554 APfld
467 2522 585 2548 Gf³e⁰⁰⁵
603 2521 716 2556 primum
736 2525 776 2547 0⁵²
794 2520 936 2556 V⁸⁸¹igl¹¹m
959 2521 1038 2547 hnifls
1107 2529 1136 2555 in
1160 2529 1256 2556 litteris
1280 2533 1298 2555 Ἰ
1322 2536 1350 2557 et
1374 2534 1394 2558 Ἴ
1419 2532 1488 2565 apud
1512 2532 1662 2558 Phoenicen
1682 2530 1813 2564 reperisse
1831 2529 1882 2556 sibi

267 2579 369 2607 tonnae
409 2560 458 2640 ἢ
503 2582 531 2608 ίιι
563 2582 639 2609 titulo
667 2581 969 2616 Syraciwano‘olymp.
996 2583 1038 2609 76.
1107 2578 1182 2605 visus
1202 2583 1242 2605 est
1264 2582 1380 2613 Koppius
1408 2581 1450 2614 (1,
1469 2590 1495 2614 p.
1519 2581 1579 2607 228.
1612 2581 1656 2612 Π,
1677 2578 1759 2611 136),
1791 2578 1879 2604 inania

267 2661 298 2666 -
335 2646 395 2673 Alia
420 2649 557 2684 signorum
583 2650 782 2677 disci-itinerum
809 2649 942 2686 vestigia,
971 2659 1040 2684 quae
1109 2631 1168 2652 sum
1186 2631 1211 2653 et
1230 2633 1423 2654 commemw'a'
