2242 2976
774 249 815 282 A.
859 246 1024 281 PUNICA
1044 247 1164 281 APUD
1187 247 1414 281 PLAUTUM.
1838 251 1911 288 363

287 342 456 375 lonensem
478 350 510 374 et
531 341 704 382 Palatinos,
727 341 923 385 reliquorum
944 342 1247 385 praestantissimos,
1272 343 1472 374 interiectum
1487 347 1547 380 est,
1570 352 1703 384 magnas
1721 345 1911 376 mutationes

288 398 439 438 subiisse,
457 400 522 431 imo
537 410 599 431 non
619 410 737 442 paucos
759 409 879 431 naevos
897 400 1106 430 contraxisse.
1149 397 1255 436 Quum
1275 407 1381 430 autem
1405 397 1558 430 credibile
1581 409 1645 430 non
1671 399 1731 438 sit,
1755 399 1910 443 reliquam

289 454 445 487 barbarae
468 457 623 488 orationis
645 463 769 499 partem
789 455 932 487 feliciore
948 462 1035 487 sorte
1049 465 1141 487 usam
1157 465 1245 493 esse,
1267 454 1432 486 habebunt
1450 453 1584 494 saltem,
1614 466 1677 497 quo
1691 466 1727 488 se
1741 455 1911 496 excusent,

288 513 343 555 qui
368 513 466 544 etiam
493 513 528 544 in
558 523 633 544 vere
663 512 792 544 Punicis
814 512 854 543 de
878 510 1001 554 vulgari
1023 513 1180 554 scriptura
1201 510 1390 554 explicanda
1414 511 1619 553 desperantes
1649 512 1689 543 ad
1711 514 1910 545 coniecturas

287 567 399 610 paullo
422 569 610 601 audaciores
632 570 772 600 animum
798 567 968 610 applicent.

416 623 503 664 Nos,
539 632 575 657 ut
603 636 675 657 eam
704 631 789 657 certe
820 625 1028 666 scripturam,
1067 635 1159 666 quam
1188 622 1265 655 libri
1298 624 1508 665 manuscripti
1543 624 1698 664 offerunt,
1737 623 1910 658 lectoribus

288 681 408 713 nostris
422 681 622 724 futurisque,
646 683 674 713 si
690 683 744 724 qui
757 681 892 719 fuerint,
914 680 1143 722 interpretibus
1158 682 1315 723 integram
1330 680 1521 718 offeramus,
1544 680 1608 712 ad
1599 691 1745 722 ipsorum
1755 681 1909 721 codicum,

287 747 308 768 a
329 738 503 779 superioris
525 739 597 769 aevi
619 737 796 770 editoribus
819 747 892 769 raro
915 736 1085 779 diligenter
1107 736 1314 775 collatorum,
1352 737 1570 768 auctoritatem
1598 737 1795 770 redeundum
1817 745 1909 780 puta-

289 794 402 825 vimus.
443 792 514 825 Nec
535 795 606 826 sine
627 794 742 826 fructu.
772 793 961 835 Utriusque
985 794 1071 824 enim
1088 794 1208 825 codicis
1224 792 1363 825 Palatini
1384 794 1572 835 scripturam
1591 804 1770 836 quanquam
1784 805 1908 845 summa

285 840 357 881 fide
375 861 396 882 a
417 858 453 882 se
475 850 544 882 dari
568 850 705 882 affirmat
729 850 849 882 Parcus
873 851 968 892 (edit
990 849 1031 889 11,
1055 856 1119 881 not.
1135 851 1204 881 crit.
1227 860 1257 891 p.
1273 850 1373 891 235),
1394 856 1498 881 tamen
1520 848 1612 892 plura
1634 851 1739 882 minus
1761 841 1908 882 accurate

284 904 370 937 lecta
391 917 462 938 esse
485 906 578 938 docet
602 914 634 939 et
657 918 740 939 nova
762 906 1048 949 Heidelbergensis
1072 905 1148 938 libri
1173 905 1314 944 collatio,
1339 916 1432 948 quam
1455 905 1613 938 Baebrius
1635 916 1664 936 v.
1684 904 1724 937 cl.
1748 907 1854 945 misit,
1878 913 1910 938 et

286 959 436 1001 Romani,
460 973 554 1005 quam
569 962 726 995 Ritscblio
741 970 903 1005 acceptam
927 963 1106 994 referimus.
1151 961 1239 993 Idem
1257 963 1305 993 vir
1319 963 1468 1005 egregius
1480 962 1634 994 editionis
1649 963 1800 1005 principis
1812 961 1908 1005 longe

285 1018 470 1049 rarissimae
493 1019 527 1050 in
544 1017 739 1050 bibliotheca
755 1017 993 1060 Rbedigerinna
1011 1016 1260 1049 Vratislaviensi
1273 1019 1430 1049 exstantis
1446 1019 1474 1058 ¹‘)
1498 1017 1716 1061 apographum
1741 1018 1906 1050 nobiscum

286 1075 546 1106 communicavit:
560 1066 784 1116 'Lipsiensem
816 1080 921 1105 autem
958 1074 1101 1105 codicem
1137 1073 1232 1105 nobis
1259 1075 1421 1116 excerpsit
1452 1073 1597 1106 Beerius.
1659 1073 1748 1112 Quas
1781 1076 1907 1117 quidem

284 1139 365 1172 opes
387 1130 514 1162 criticas
535 1131 566 1172 *)
586 1131 630 1162 ita
652 1132 686 1162 in
706 1130 798 1162 brevi
820 1136 991 1172 conspectu
1011 1130 1186 1172 posuimus,
1210 1136 1245 1160 ut
1259 1128 1535 1172 Heidelbergense
1554 1129 1734 1172 exemplum
1750 1132 1906 1173 integrum

283 1184 401 1217 litteris
423 1186 599 1218 maioribus
622 1186 895 1225 describeremus,
922 1185 1121 1228 singulisque
1146 1185 1291 1217 versibus
1314 1187 1489 1227 scripturae
1510 1186 1699 1218 varietatem
1718 1197 1760 1218 ex
1777 1185 1907 1229 reliquis

285 1242 450 1274 codicibus
473 1253 717 1284 apponeremus.

329 1330 358 1359 1.
408 1327 595 1360 Ῡίᾗαῐοηίηι
618 1326 777 1359 ualonuth
800 1330 1006 1359 eicon-amma
1031 1327 1172 1369 comoycle

416 1392 604 1434 Ythalonim)
627 1394 715 1433 Lips.
735 1394 937 1433 Sytnlonium.
976 1393 1036 1423 Ed.
1052 1404 1102 1433 pr.
1121 1392 1179 1433 (n)
1196 1393 1389 1422 Ythalonim.
1435 1391 1595 1433 ualonuth)
1616 1394 1659 1423 ita
1674 1393 1742 1423 cod.
1759 1393 1903 1423 Heidelb.

285 1449 361 1474 teste
383 1445 516 1475 Baehrio
542 1444 692 1485 (Pareusz
710 1445 803 1474 ualon
818 1444 873 1484 ut)
895 1450 925 1475 et
937 1445 1037 1484 Lips„
1055 1444 1108 1474 sed
1122 1445 1214 1474 Rom.
1230 1449 1261 1474 et
1277 1444 1326 1474 ed.
1342 1445 1442 1484 princ.
1458 1443 1548 1474 valon
1563 1444 1624 1474 uth.
1640 1462 1683 1468 —
1697 1443 1903 1483 sicoratsima)

284 1495 327 1525 ita
342 1496 471 1525 iunctim
498 1496 566 1525 cod.
591 1496 737 1526 Heidelb.
750 1518 759 1533 ‚
790 1497 952 1536 separatim
972 1496 1099 1525 Pareus.
1143 1497 1236 1525 Rom.
1258 1496 1283 1525 si
1303 1496 1515 1535 corathisyma.
1560 1495 1649 1534 Lips.
1673 1495 1901 1525 sicorathisima.

282 1546 345 1576 Ed.
377 1557 425 1587 pr.
450 1547 488 1588 si·
511 1547 717 1578 corathjsima.
777 1547 854 1576 Post
883 1548 959 1576 sima
986 1547 1100 1577 Pareus
1121 1547 1198 1576 male
1220 1551 1365 1586 quattuor
1386 1551 1500 1586 puncta
1521 1547 1643 1586 posuit,
1680 1547 1765 1586 quasi
1792 1546 1905 1585 aliquid

285 1597 421 1628 deesset:
454 1598 487 1627 in
508 1598 577 1627 cod.
599 1598 644 1627 nil
661 1598 721 1627 nisi
745 1598 876 1637 spatium
898 1603 943 1627 est
955 1597 1059 1637 paullo
1074 1597 1183 1627 maius.
1209 1615 1251 1620 —
1295 1596 1445 1639 comsytb)
1469 1598 1511 1628 ita
1528 1599 1619 1628 etiam
1635 1599 1746 1635 Rom„
1773 1597 1822 1627 ed.
1840 1608 1887 1636 pr.
1894 1619 1903 1634 ,

285 1649 340 1679 sed
360 1649 447 1688 Lips.
467 1648 606 1686 consith,
633 1648 721 1683 Cam.
742 1648 886 1688 consyth.

329 1718 360 1747 2.
410 1715 508 1756 Chym
530 1713 585 1746 lah
608 1714 749 1755 chunyth
770 1713 984 1756 mumyetltyal
1002 1713 1204 1755 myctltibaru
1226 1713 1358 1746 imiseln’

415 1774 520 1817 chym)
543 1775 630 1814 Lips.
651 1774 743 1814 chyn.
769 1792 812 1798 —
855 1774 907 1804 lah
925 1774 1065 1816 chunyth)
1088 1777 1177 1805 Rom.
1194 1774 1306 1805 lachun
1319 1775 1386 1814 yth.
1410 1775 1498 1814 Lips.
1515 1774 1583 1804 lach
1597 1774 1679 1804 chun
1695 1774 1762 1813 yth,
1789 1775 1837 1810 ed.
1855 1785 1903 1814 pr.

286 1827 357 1856 lach
376 1825 527 1866 chunyth.
564 1842 607 1847 -—-
648 1824 864 1867 mamysthyal)
888 1827 980 1855 Rom.
1013 1825 1197 1866 (corrupte)
1228 1825 1438 1864 mumysthral.
1484 1824 1570 1864 Lips.
1598 1830 1629 1854 et
1653 1825 1701 1855 ed.
1723 1836 1771 1865 pr.
1796 1827 1906 1855 mumis

284 1878 358 1918 tyal.
404 1878 477 1907 Sine
498 1877 678 1907 auctoritate
701 1877 877 1906 Gronovius
897 1887 1008 1917 munys
1024 1877 1099 1907 thal.
1131 1894 1174 1899 —
1215 1875 1401 1917 mycthibaru
1415 1875 1546 1916 imis-ehi)
1572 1877 1665 1906 Rom.
1682 1876 1762 1915 apud
1776 1877 1905 1906 Pareum

286 1928 404 1970 mycthi
416 1929 471 1958 bar
486 1928 520 1957 ui
533 1927 651 1967 mysehi
662 1949 670 1964 ‚
696 1937 735 1956 ex
747 1938 828 1957 nova
844 1927 1004 1957 collatione
1019 1927 1211 1967 mycthibaru
1231 1926 1363 1956 imischi.
1408 1927 1495 1966 Lips.
1511 1927 1694 1957 nucthibarii
1709 1927 1839 1957 imischi.

325 1999 359 2029 3.
403 1994 691 2038 Liplwcanethyth
714 1992 851 2025 binutlm
873 1993 1018 2025 adaedin
1040 1992 1096 2024 bin
1119 1992 1200 2025 πίλα

414 2053 688 2097 Liplzocanethytlz)
711 2055 752 2083 ita
775 2054 865 2084 etiam
877 2055 969 2083 Rom.
982 2076 990 2091 ‚
1014 2054 1067 2083 sed
1084 2054 1131 2083 ed.
1148 2064 1197 2093 pr.
1214 2053 1341 2083 vocibus
1355 2053 1396 2082 ita
1408 2053 1510 2083 divisis
1525 2052 1606 2094 lipho
1621 2061 1705 2083 canet
1717 2053 1799 2095 byth,
1817 2054 1902 2093 LiPS.

283 2106 366 2150 ,tipho
389 2114 473 2137 canet
487 2105 570 2148 hyth.
597 2123 635 2128 —
659 2103 799 2144 binutlzu)
820 2106 912 2134 Rom.
928 2105 969 2144 by
982 2104 1072 2134 nuthi
1082 2127 1092 2141 ‚
1123 2115 1164 2134 ex
1176 2114 1256 2133 nova
1271 2103 1431 2133 collatione
1445 2103 1574 2143 bymithi
1585 2126 1593 2141 ‚
1626 2105 1710 2144 Lips.
1728 2105 1901 2144 bynuthyy,

287 2159 336 2190 ed.
352 2169 401 2198 pr.
415 2158 569 2198 bynuthii.
593 2175 636 2180 —
679 2155 720 2186 ad
741 2154 846 2195 aedin)
870 2156 962 2186 Rom.
979 2156 1017 2185 ad
1032 2155 1113 2194 edyn
1127 2165 1187 2186 sec.
1205 2156 1346 2185 Pareum.
1379 2156 1469 2195 Lips.
1484 2155 1638 2185 adaedem.
1662 2173 1705 2178 —
1748 2156 1796 2185 bin
1812 2154 1900 2194 aihu)

287 2212 380 2241 Rom.
398 2210 495 2239 binni.
534 2210 621 2248 Lips.
636 2207 767 2246 binutyi.
798 2206 857 2236 Ed.
875 2217 924 2246 pr.
943 2205 1097 2259 bynuthii.

329 2281 362 2309 4.
409 2274 574 2308 Birnarob
597 2273 870 2315 syllohomalonim
891 2271 975 2313 uyby
997 2271 1200 2313 mysyrtltolw

413 2334 573 2375 birnaroh)
596 2335 636 2364 ita
657 2334 747 2363 etiam
765 2334 873 2373 Lips„
904 2333 951 2362 ed.
979 2343 1027 2373 pr.
1051 2333 1223 2372 bymarob,
1247 2329 1338 2362 Rom.
1354 2333 1520 2375 bymarob.
1543 2350 1583 2355 —
1626 2331 1901 2371 syllohomalonim)

290 2389 333 2417 ita
350 2388 478 2417 iunctim
499 2386 567 2415 cod.
591 2384 736 2415 Heidelb.
767 2383 848 2425 (non
872 2384 949 2423 syllo
969 2383 1010 2412 ho
1032 2384 1188 2422 malonim,
1213 2389 1249 2414 ut
1262 2382 1412 2424 Pareus):
1445 2384 1573 2414 vocibus
1587 2384 1676 2413 aliter
1689 2385 1791 2414 divisis
1808 2385 1898 2412 Rom.

290 2436 366 2479 syllo
387 2435 649 2477 homalonim(ur).
694 2436 782 2475 Lips.
809 2435 886 2474 syllo
905 2434 1104 2464 homalonim.
1151 2434 1209 2465 Ed.
1226 2445 1275 2475 pr.
1293 2435 1370 2475 syllo
1386 2435 1573 2464 homalonin.
1605 2452 1647 2458 —-
1689 2433 1784 2476 uyby)
1809 2436 1899 2465 Rom.

341 2563 367 2596 ⁴)
384 2563 464 2598 Quod
481 2563 684 2590 Bellermamms
701 2561 751 2596 (p,
770 2560 824 2594 21)
842 2560 987 2588 editionem
1002 2562 1065 2590 Me·
1132 2569 1224 2588 errore
1249 2561 1354 2592 nititur;
1382 2569 1530 2594 quanquam
1558 2562 1625 2588 haec
1651 2560 1735 2587 editio
1761 2560 1907 2594 principem

292 2611 475 2638 diolsnemem
501 2611 564 2637 anui
590 2611 658 2638 1500
685 2610 789 2638 Comici
810 2609 958 2644 principem
990 2610 1064 2643 facit,
1133 2609 1194 2636 fere
1214 2607 1284 2635 κατὰ
1305 2604 1378 2633 πόδα
1399 2609 1528 2642 sequitur.

1277 2661 1319 2690 46
1343 2663 1358 2679 *
