2242 2976
346 257 419 293 166
468 253 599 286 LlssER
615 249 861 284 SECUNDUS.
893 246 1228 281 INSCRIPTIONES
1244 246 1527 281 PHOENlclAn.
1557 247 1704 281 CAPUT
1719 247 1941 287 QUINTUM.

345 360 408 381 non
432 348 545 389 possit3
575 346 814 377 distinctionem
837 343 920 373 inter
940 341 1063 374 Lamed
1079 348 1111 373 et
1123 340 1197 374 Nun
1212 343 1354 384 ineptam
1370 352 1442 374 esse
1457 342 1581 383 (sici),
1607 349 1641 374 et
1654 352 1735 384 quae
1749 342 1818 374 eius
1835 342 1963 385 generis

344 403 435 447 plura
472 412 536 433 non
568 403 638 433 sine
666 402 814 444 graviore
842 398 1008 430 stomacho
1038 404 1239 430 evomuntur.
1290 397 1326 430 Si
1356 409 1504 430 sermone
1533 397 1574 430 ab
1602 398 1701 431 animi
1728 397 1965 439 perturbatione

344 459 447 491 libero
476 457 680 489 Hamakerus
714 457 753 488 de
783 457 986 488 coniecturae
1009 465 1099 486 meae
1122 455 1275 486 inanitate
1298 454 1475 494 retulisset,
1506 454 1728 487 credidissem:
1762 454 1966 496 impotentius

345 516 518 557 disputanti
541 524 604 544 non
627 513 767 552 credidi,
792 518 902 544 contra
917 510 1060 543 adhibita
1074 509 1261 542 felicissima
1276 509 1494 548 Quatremerii
1509 512 1694 544 coniectura
1705 511 1737 542 in
1753 509 1966 552 disputatione

344 572 384 603 de
406 570 560 612 religione
583 568 885 612 Carthaginensium
909 567 1189 609 (Encyclopaedie
1210 567 1296 600 xxi
1318 579 1348 610 p.
1363 568 1424 610 97)
1447 579 1532 600 anno
1556 570 1638 600 1830
1661 567 1747 599 edita
1765 573 1799 598 et
1816 567 1848 599 in
1865 565 1965 599 Thes.

344 627 419 669 ling.
442 625 531 658 hebr.
556 638 584 669 p.
596 629 659 659 490
682 637 810 658 causam
832 625 921 658 illam
943 623 1090 657 recolens
1111 623 1249 666 lapidem
1273 628 1407 657 tertium
1430 626 1476 656 ita
1498 625 1639 656 restitui:

1001 682 1034 715 bi
1058 681 1144 715 nbnb
1170 681 1274 722 zan-ib

1039 746 1059 770 a
1082 738 1173 781 mab
1197 738 1274 779 ἰζ-35

1021 803 1055 827 -ιι
1078 803 1128 827 um
1152 802 1215 835 *ann
1240 794 1278 827 bv

1072 860 1229 885 ηἾι-ηωυ
1252 862 1275 885 Ἶ

940 906 1097 949 ῆρόυπυ
1123 915 1161 947 3³
1187 915 1279 942 neon

346 974 478 1006 eamque
500 962 668 994 lectionem
692 960 796 1003 lapide
819 961 999 994 Hauniensi
1024 974 1043 994 a
1065 962 1179 994 Falbio
1202 964 1287 995 edito
1309 962 1362 1004 (v.
1386 972 1439 994 no.
1459 962 1537 1003 50),
1573 964 1628 1005 qui
1649 962 1739 995 feriis
1759 959 1968 995 paschalibus

345 1022 421 1053 anni
446 1022 525 1051 1835
551 1019 589 1050 ad
612 1029 662 1049 me
685 1020 848 1059 pervenit,
872 1018 915 1049 ita
937 1017 1060 1050 firmari
1081 1021 1239 1061 comperi,
1263 1026 1297 1050 ut
1318 1019 1358 1051 de
1379 1017 1521 1060 lapidum
1542 1019 1807 1062 Lugdunensium
1827 1016 1968 1049 lectione

347 1087 409 1108 non
436 1074 571 1118 amplius
601 1073 791 1105 dubitarem.
837 1072 983 1106 Tandem
1017 1076 1106 1117 ipsos
1135 1074 1257 1117 lapides
1281 1076 1439 1117 inspicere
1461 1082 1493 1106 et
1514 1076 1699 1107 examinare
1722 1074 1802 1106 mihi
1823 1074 1967 1116 contigit,

346 1143 441 1175 quum
471 1133 503 1163 in
533 1132 649 1162 itinere
680 1129 823 1172 Anglico
851 1132 982 1170 (mense
1005 1131 1091 1173 Sept.
1116 1134 1217 1173 1835)
1245 1131 1398 1174 Lugduni
1419 1142 1650 1170 commorarer,
1681 1138 1713 1163 et
1734 1141 1846 1163 revera
1868 1128 1969 1162 oculis

346 1190 426 1220 meis
450 1189 505 1219 vix
526 1186 714 1224 credebam,
750 1197 847 1228 quum
869 1187 901 1218 in
924 1185 1087 1229 lapidibus
1107 1188 1187 1230 ipsis
1214 1198 1315 1230 paene.
1338 1189 1465 1227 omnia,
1504 1198 1584 1230 quae
1609 1187 1814 1219 Hamakerus
1835 1186 1883 1218 ibi
1903 1184 1970 1228 legi

346 1243 580 1276 stomachosius
603 1249 735 1285 negarat
758 1249 790 1273 et
812 1250 1020 1285 pernegarat,
1042 1254 1198 1286 expressa
1214 1244 1375 1283 viderem,
1399 1243 1595 1286 testibusque
1610 1244 1773 1275 advocatis
1792 1248 1970 1274 monstrare

347 1310 490 1342 possem,
519 1301 648 1341 insuper
669 1297 734 1330 alia
756 1299 913 1341 quaedam
935 1300 1241 1339 animadverterem,
1272 1301 1305 1331 in
1329 1310 1411 1343 quae
1432 1299 1503 1332 sola
1525 1300 1647 1342 ingenii
1670 1300 1856 1331 coniectura
1877 1307 1971 1330 nemo

347 1365 488 1397 unquam
511 1356 688 1393 incidisset,
713 1364 847 1396 quorum
862 1357 1067 1397 praecipuum
1083 1355 1145 1387 boc
1158 1363 1237 1394 erat,
1259 1357 1343 1399 quod
1359 1367 1417 1399 pro
1431 1357 1500 1391 nbn
1515 1355 1685 1388 manifesto
1702 1355 1748 1387 ibi
1762 1354 1879 1398 legitur
1892 1364 1970 1394 mn,

347 1413 392 1443 ita
408 1419 442 1442 ut
462 1419 587 1453 praeter
603 1411 697 1442 deum
714 1412 775 1444 7²:17
791 1413 886 1443 etiam
902 1413 962 1443 dea
975 1413 1041 1454 tal-‚n
1060 1414 1283 1444 commenticia
1306 1421 1400 1445 esset.
1442 1412 1697 1456 Diligentissime
1712 1413 1812 1455 igitur
1827 1409 1972 1454 singulas

346 1467 488 1506 litteras,
526 1468 666 1498 maxime
694 1468 833 1499 incertas
865 1467 1026 1511 talesque,
1062 1469 1101 1500 de
1129 1468 1243 1511 quibus
1273 1463 1356 1501 inter
1386 1480 1444 1501 nos
1473 1476 1625 1501 certatum
1657 1475 1742 1507 erat,
1777 1465 1911 1499 candela
1929 1466 1970 1499 ab

348 1531 480 1566 utroque
502 1522 601 1554 latere
622 1523 750 1554 admota
772 1524 915 1565 inspexi,
947 1534 1019 1555 cum
1042 1525 1238 1567 apographis
1262 1525 1504 1557 Ilumbertianis
1525 1526 1646 1556 maiore
1668 1531 1699 1555 et
1721 1525 1844 1555 minore
1865 1523 1970 1565 (quod

348 1580 475 1622 quidem
501 1580 660 1622 posterius
682 1578 781 1611 multo
804 1580 910 1611 minus
932 1587 1079 1611 accurate
1102 1580 1219 1612 factum
1237 1581 1441 1613 Hamakerus
1457 1582 1541 1612 inter
1557 1579 1759 1625 scribendum
1773 1586 1847 1611 ante
1860 1578 1971 1611 oculos

350 1636 500 1668 habuisse
523 1635 668 1676 videtur)
696 1634 836 1674 contuli,
873 1635 1071 1679 singulisque
1100 1635 1216 1669 litteris
1247 1638 1369 1669 circino
1397 1638 1517 1669 mensis
1548 1635 1724 1679 apographi
1744 1634 1970 1667 Humbertiani

349 1694 480 1724 maioris
511 1690 693 1733 exemplum
724 1692 768 1723 ita
797 1693 983 1731 emendavi,
1024 1699 1058 1724 ut
1087 1694 1247 1735 spondere
1270 1694 1408 1735 possim,
1439 1704 1498 1732 ea,
1537 1694 1672 1736 quaein
1697 1690 1879 1734 apographo
1902 1701 1974 1723 meo

350 1749 443 1788 dedi,
480 1748 520 1780 ab
551 1747 700 1779 omnibus
733 1747 901 1790 probatum
927 1749 983 1787 iri,
1021 1750 1200 1791 quicunqne
1223 1750 1256 1780 in
1279 1756 1441 1791 posterum
1464 1748 1524 1781 hos
1546 1748 1671 1791 lapides
1693 1749 1780 1779 sanis
1802 1754 1835 1779 et
1855 1748 1974 1790 apertis

349 1804 450 1836 oculis
487 1806 701 1836 examinaturi
738 1811 823 1836 sunt.
880 1803 926 1837 Ut
957 1815 1084 1837 errores
1112 1806 1262 1837 editionis
1292 1804 1546 1837 Humbertianae
1577 1811 1609 1836 et
1640 1803 1899 1836 Hamakerianae
1933 1804 1973 1835 ad

351 1863 455 1903 capita
485 1861 638 1902 quaedam
669 1868 817 1892 revocata
840 1862 1058 1903 corrigamus,
1091 1860 1227 1894 lectores
1250 1862 1330 1894 haec
1355 1861 1422 1893 fere
1445 1868 1591 1893 teneant:

481 1917 512 1957 1)
541 1915 665 1946 litterae
707 1917 834 1948 Lamed
867 1924 897 1948 et
935 1916 1014 1948 Nun
1046 1919 1078 1949 in
1115 1918 1265 1951 omnibus
1304 1918 1354 1950 his
1384 1917 1545 1959 lapidibus
1579 1919 1624 1948 ita
1653 1917 1907 1958 distinguuntur,
1942 1924 1975 1948 ut

353 1971 611 2014 Palaeograpbus
633 1970 770 2014 lapidem
794 1974 965 2015 inspiciens
990 1974 1029 2004 de
1051 1974 1250 2017 singularum
1273 1980 1426 2016 potestate
1449 1972 1593 2005 dubitare
1617 1983 1680 2005 non
1697 1973 1806 2015 possit.
1849 1972 1976 2004 Lau-ed

351 2072 400 2098 est
438 2025 485 2133 4
510 2089 519 2103 ,
548 2064 626 2096 Nun
661 2022 696 2142 ᾖ
732 2065 784 2098 vel
822 2033 884 2128 Ἴ
907 2089 916 2104 ,
954 2066 1027 2097 raro'
1057 2029 1091 2145 ς
1126 2067 1278 2109 (utroque
1302 2077 1398 2109 scapo
1426 2065 1625 2110 aequabili),
1654 2053 1734 2097 *vide
1763 2075 1838 2107 prae
1861 2066 1977 2096 ceteris

353 2162 405 2184 no.
429 2152 448 2181 3
469 2147 526 2181 lin.
551 2153 577 2180 2.
629 2148 719 2186 Quae
744 2149 871 2192 quidem
893 2150 1053 2182 distinctio
1077 2162 1172 2193 quum
1202 2151 1242 2183 ab
1266 2151 1447 2184 Hnmberto
1468 2153 1608 2183 maxime
1631 2152 1665 2183 in
1688 2151 1811 2182 minore
1843 2160 1977 2191 apogra-

352 2207 415 2250 pho
429 2216 525 2248 saepe
540 2204 685 2247 neglecta
701 2213 802 2244 esset,
826 2205 885 2237 hac
909 2205 1105 2249 negligentia
1125 2207 1273 2240 effectum
1290 2216 1350 2247 est,
1374 2215 1408 2239 ut
1424 2207 1628 2239 Hamakerus
1644 2205 1766 2238 nullum
1782 2205 1849 2237 fere
1864 2205 1976 2236 discri-

354 2274 428 2296 men
450 2263 532 2294 inter
554 2267 719 2303 utramque
741 2261 880 2294 litteram
896 2263 1094 2295 intercedere
1113 2264 1175 2295 sibi
1190 2265 1398 2306 persuaderet
1420 2264 1482 2305 (ef.
1498 2275 1569 2307 pag.
1585 2264 1667 2304 34),
1687 2261 1839 2305 pluraque
1867 2263 1976 2304 magni

355 2320 508 2351 momenti
536 2316 692 2349 vocabula
723 2328 779 2359 pro
807 2317 912 2349 lubitu
943 2326 974 2350 et
1003 2331 1061 2361 pro
1091 2322 1306 2362 praeiudicata
1334 2332 1393 2352 sua
1422 2322 1572 2362 opinione
1600 2319 1732 2362 legeret.
1777 2317 1813 2349 ln
1839 2317 1890 2349 his
1911 2328 1975 2349 nou

353 2375 458 2407 solum
479 2381 530 2406 est
550 2382 633 2415 ναι-τ,
669 2375 759 2405 cuius
795 2372 907 2405 ultima
936 2374 1041 2407 littera
1070 2378 1102 2408 in
1131 2376 1182 2408 his
1214 2385 1248 2409 ut
1276 2379 1311 2409 in
1333 2377 1405 2410 aliis
1428 2375 1536 2409 multis
1556 2375 1718 2418 lapidibus
1737 2374 1856 2417 ubique
1878 2375 1980 2406 mani-

353 2432 471 2464 festum
492 2438 541 2463 est
564 2429 661 2469 Num,
695 2430 752 2462 sed
774 2431 871 2461 etiam
894 2441 955 2463 mn
977 2431 1027 2463 bis
1049 2432 1178 2464 obvium
1201 2434 1297 2465 inser.
1320 2433 1368 2465 111
1389 2433 1446 2465 lin.
1468 2436 1485 2465 1
1517 2439 1550 2464 et
1571 2433 1669 2464 inser.
1690 2430 1724 2463 ΙΙ
1746 2430 1804 2462 lin.
1822 2434 1859 2470 1,
1888 2431 1979 2463 cuius

356 2488 462 2522 media
481 2487 588 2519 littera
611 2497 676 2518 non
699 2493 805 2529 potest
827 2497 890 2518 non
914 2497 985 2518 esse
1008 2486 1101 2525 Nun,
1124 2499 1204 2530 quae
1227 2488 1321 2520 lectio
1343 2491 1439 2522 etiam
1457 2490 1491 2521 in
1503 2487 1608 2531 lapide
1620 2487 1812 2520 Atheniensi
1829 2488 1932 2529 primo
1948 2494 1981 2519 et

357 2544 464 2577 Carth.
479 2547 498 2576 5
515 2542 583 2576 sole
598 2542 716 2575 clarior
727 2550 785 2575 est.
828 2542 866 2574 In
888 2544 986 2575 inser.
999 2542 1047 2574 ΙΙΙ
1061 2542 1115 2575 lin.
1132 2548 1161 2575 1.
1179 2555 1293 2586 scapus
1305 2544 1431 2578 litterae
1444 2543 1521 2577 Nun
1537 2555 1638 2586 usque
1653 2544 1694 2575 ad
1712 2542 1838 2575 culmen
1854 2542 1980 2576 litterae

356 2600 440 2632 Beth
465 2600 572 2632 lineae
594 2600 754 2653 secundae
779 2599 960 2638 descendit,
986 2600 1070 2642 quod
1085 2599 1180 2643 plane
1194 2600 1375 2643 neglectum
1389 2609 1439 2634 est
1454 2602 1487 2633 in
1502 2600 1737 2633 Humbertiana
1752 2598 1979 2632 delineatione.
