2242 2976
281 273 619 310 lNSCRIPTIONES
635 273 875 308 CITIENSES.
901 274 999 308 XIX.
1012 273 1324 308 XX.XX1.XX11.
1348 272 1566 307 CITIENSIS
1580 273 1785 308 XIII—XV.
1834 277 1906 314 143

409 369 484 402 Lin.
503 372 518 401 1
545 368 607 401 litt.
625 372 641 401 1
666 369 795 402 Lamed
815 369 890 401 huic
911 367 1016 400 simile
1040 367 1141 400 habes
1163 367 1251 403 lib.1
1274 370 1301 407 ᾗ.
1320 371 1360 400 23
1383 379 1436 401 no.
1460 371 1509 401 17.
1534 372 1573 401 18
1596 375 1629 400 et
1651 380 1722 401 cum
1739 369 1906 402 brachiolo

278 428 483 460 dextrorsum
505 433 640 458 extenso
663 427 712 468 (si
734 427 829 458 modo
850 425 911 457 hoc
933 426 1109 468 genuinum
1131 424 1199 466 est)
1222 423 1325 456 Melit.
1341 430 1362 457 4
1384 425 1441 457 lin.
1459 429 1488 458 1.
1512 445 1551 450 —-
1579 426 1658 458 Litt.
1676 428 1695 458 3
1718 427 1774 458 vix
1791 426 1903 458 dubito

277 494 337 527 pro
359 483 432 515 Ain
453 483 671 525 reponendum
694 493 765 515 esse
787 481 932 521 Daleth,
962 483 1051 513 cuius
1074 480 1181 513 brevis
1204 480 1341 513 caudula
1363 493 1591 526 nonnunquam
1614 494 1634 514 a
1655 482 1905 525 descriptoribus

278 539 426 583 neglecta
448 547 515 579 est,
539 538 639 571 veluti
663 538 770 573 Carth.
787 542 801 571 1
823 538 880 570 lin.
897 542 916 570 2
937 539 971 569 in
994 537 1101 570 verbis
1124 546 1182 573 *m
1206 547 1267 571 wa.
1289 555 1331 562 ·-
1361 538 1413 569 Ex
1434 537 1560 570 litterae
1583 540 1713 582 quintae
1734 539 1904 572 ruderibus

279 595 355 628 Nun
378 595 459 640 fingi
479 603 603 638 poterat
622 602 654 628 et
675 595 783 627 zade:
819 594 945 626 facilius
967 593 1064 632 illud,
1103 595 1313 637 quodetiam
1344 596 1505 626 sententia
1527 596 1777 628 commendatur.
1821 596 1905 628 Nam

279 662 348 688 *552
372 661 434 687 πει»
459 654 591 695 (servus
613 653 703 695 parvi
725 663 752 685 s.
775 652 949 690 contemti)
978 651 1054 696 quid
1076 652 1118 682 sit
1140 651 1223 693 apud
1246 651 1424 682 Phoenices
1448 652 1502 682 vix
1526 653 1613 683 dicas
1636 653 1745 694 (dicas
1769 652 1906 685 fortasse

277 711 360 753 apud
380 709 407 742 F
408 709 652 751 ranciscanos):
683 715 796 740 contra
826 716 884 743 ἢ»)
913 710 1043 739 iuvenis
1070 708 1170 749 possit
1190 706 1243 739 vel
1264 707 1426 739 Hercules
1447 718 1538 747 esse,
1573 710 1627 750 qui
1649 710 1683 740 in
1705 711 1906 742 numismatis

277 766 462 798 Phoeniciis
492 767 595 808 capite
623 764 759 797 iuvenili
789 765 973 807 depingitur
1000 762 1054 794 vel
1081 763 1242 796 Esmunm
1271 775 1298 795 s.
1320 764 1559 807 Aesculapius,
1590 775 1684 807 quem
1716 766 1768 807 (ut
1791 766 1906 798 Graeci

275 821 483 866 Apollinem)
501 823 651 854 iuvenem
666 822 843 853 formosum
855 819 991 852 finxisse
1008 819 1187 852 Phoenices
1202 831 1298 863 supra
1317 821 1455 853 vidimus
1471 822 1530 863 (ad
1546 820 1605 852 Cit.
1621 822 1670 863 5),
1713 821 1778 854 Dei
1799 830 1906 855 autem

275 879 428 912 attributa
448 890 506 922 pro
528 879 674 922 ipsoydci
696 878 825 909 nomine
847 878 1051 920 reperiuntur
1073 878 1171 908 etiam
1198 877 1232 908 in
1255 877 1440 909 nominibus
1463 879 1599 920 propriis
1622 878 1783 917 Arabum,
1820 878 1906 911 velut

275 948 381 999 0¹32„
408 957 478 988 042:
507 948 614 979 cultor
634 946 884 984 Misericordia,
915 935 1012 996 &gli
1039 953 1108 987 ουρ
1137 945 1243 976 cultor
1263 944 1460 988 Largitoris
1482 952 1543 978 cet.

403 1045 478 1077 Lin.
506 1049 545 1084 2,
580 1044 637 1076 ubi
666 1044 802 1086 primum
830 1042 1008 1074 litterarum
1036 1041 1235 1085 symplegma
1266 1053 1339 1074 cum
1367 1042 1496 1085 Koppio
1524 1043 1598 1086 lego
1620 1052 1696 1084 ἡκ,
1733 1056 1791 1087 pro
1813 1052 1904 1087 patre

274 1103 449 1136 memorari
477 1102 604 1134 videtur
632 1099 737 1140 filius,
772 1100 827 1143 qui
855 1099 993 1131 fortasse
1022 1105 1112 1141 patre
1140 1097 1281 1130 nobilior
1309 1106 1396 1138 erat,
1434 1106 1469 1130 ut
1491 1101 1587 1131 etiam
1609 1099 1736 1133 Arabes
1758 1101 1864 1133 solent
1886 1112 1906 1132 a

273 1158 353 1191 filiis
376 1164 588 1202 cognomenta
611 1158 746 1196 ducere,
776 1167 806 1188 v.
830 1167 858 1188 c.
880 1156 935 1190 «ως
964 1165 1033 1195 Q:
1049 1160 1109 1202 .>÷5·
1154 1154 1302 1187 Ceterum
1326 1157 1398 1190 κύω
1422 1155 1534 1201 (Γιξιῤ)
1558 1163 1607 1188 est
1628 1157 1725 1189 etiam
1746 1159 1779 1189 in
1804 1159 1907 1189 nomi-

274 1219 370 1251 nibus
393 1217 646 1261 patriarcharum
663 1215 745 1248 Gen.
760 1219 812 1255 10,
827 1219 879 1248 24.
904 1219 955 1254 11,
973 1218 1021 1247 12.
1037 1235 1076 1239 —
1101 1214 1196 1252 Quod
1210 1214 1295 1246 infra
1311 1214 1437 1247 titulum
1452 1222 1501 1247 est
1514 1215 1692 1248 litterarum
1708 1216 1907 1259 symplegma

275 1286 340 1308 non
370 1285 443 1306 cum
470 1274 599 1316 Koppio
626 1272 700 1316 lego
729 1281 775 1306 ινα
806 1273 975 1312 (mortuus
998 1272 1086 1313 est),
1124 1271 1208 1314 quod
1238 1282 1309 1303 cum
1343 1271 1609 1314 praecedentibus
1633 1273 1740 1305 verbis
1764 1273 1905 1305 construi

276 1342 342 1364 non
364 1331 484 1374 possit,
521 1330 578 1362 sed
608 1339 649 1363 :m
680 1330 835 1373 (quarum
856 1327 1032 1359 litterarum
1055 1329 1167 1359 ductus
1189 1329 1222 1359 in
1246 1338 1285 1359 eo
1308 1339 1421 1360 revera
1444 1330 1670 1370 continentur)
1699 1331 1722 1361 i.
1746 1340 1774 1360 e.
1798 1338 1905 1360 anno.-

275 1388 372 1420 cifras
400 1388 434 1419 in
464 1386 577 1418 infima
605 1385 722 1428 lapidis
752 1391 841 1427 parte
875 1385 1046 1416 evanuisse
1083 1383 1135 1415 vel
1173 1395 1192 1415 a
1222 1384 1418 1427 descriptore
1448 1386 1583 1417 omissas
1611 1396 1683 1417 esse
1711 1387 1901 1428 suspicatus.

274 1443 388 1476 Simile
410 1445 539 1487 signum
561 1441 662 1475 habes
684 1441 816 1474 Numid.
838 1444 854 1472 1
878 1442 912 1473 in
935 1441 1137 1483 postscripto.

1036 1559 1132 1592 XXI.

589 1628 946 1663 CITIENSIS
992 1628 1166 1666 QUAR
1189 1627 1261 1660 TA
1306 1627 1584 1661 DECIMA.

401 1716 541 1749 Omissis
565 1722 714 1758 quattuor
735 1716 855 1758 signis,
886 1714 1000 1758 quibus
1024 1714 1087 1745 duo
1109 1723 1222 1744 versus
1242 1714 1335 1755 quasi
1355 1714 1437 1755 septi
1456 1720 1549 1752 sunt,
1581 1722 1724 1756 quaeque
1744 1712 1784 1744 ad
1808 1721 1901 1743 orna-

274 1781 382 1808 menta
402 1774 564 1817 pertinent
587 1773 637 1812 (v.
656 1783 727 1814 pag.
748 1773 826 1814 56),
856 1773 996 1813 itemque
1018 1768 1173 1812 neglectis
1194 1771 1338 1811 punctis,
1369 1780 1450 1812 quae
1473 1771 1528 1801 vix
1551 1781 1571 1802 a
1587 1770 1741 1802 statuario
1758 1768 1900 1811 profecta

274 1837 366 1871 sunt,
397 1832 443 1862 ita
464 1828 636 1872 legendum
658 1829 798 1860 videtur:

987 1884 1098 1927 μήτε

930 1941 1038 1975 5⁷:525
1061 1947 1095 1984 3:

273 2015 339 2047 Sed
370 2021 568 2057 postremum
598 2010 792 2044 vocabulum
820 2011 876 2042 vix
904 2011 1063 2053 integrum
1093 2016 1162 2049 est,
1200 2015 1232 2040 et
1253 2007 1339 2040 haud
1361 2009 1429 2040 scio
1452 2019 1492 2040 an
1516 2008 1577 2040 hoc
1599 2019 1656 2051 per
1678 2008 1899 2050 compendium

272 2073 425 2114 scriptum
446 2072 487 2102 sit
509 2081 565 2112 pro
589 2070 744 2113 *phu-129
766 2066 819 2099 vel
842 2069 1023 2111 napbmun
1048 2066 1272 2107 (Heraclius)
1301 2075 1332 2095 v.
1354 2064 1473 2096 Athen.
1493 2069 1524 2096 2.
1550 2064 1659 2097 Carth.
1682 2067 1711 2096 3.
1733 2067 1762 2097 5.
1806 2065 1899 2097 Prius

275 2139 391 2160 nomen
415 2128 529 2172 μυξη
554 2126 706 2175 (ῑῃῄξξξ)
728 2124 834 2156 valet:
859 2125 993 2167 (quem)
1016 2123 1108 2155 Baal
1126 2123 1203 2161 dat,
1229 2122 1269 2154 cf.
1290 2126 1388 2169 ῑηξῆῆ,
1411 2122 1625 2161 Αάεοᾶαταε,
1648 2120 1869 2160 Dieudomce'„

1028 2241 1141 2274 XXII.

592 2309 958 2345 CITIENSIS
1004 2308 1258 2348 QUINTA
1305 2307 1580 2342 DECIMA.

401 2398 454 2430 De
484 2398 581 2430 huius
610 2397 748 2429 lectione
784 2395 865 2428 nihil
894 2406 952 2438 pro
974 2402 1060 2427 certo
1085 2394 1226 2426 affirmo:
1258 2404 1357 2426 unum
1380 2394 1464 2432 scio,
1495 2404 1612 2425 nomen
1635 2395 1696 2425 viri
1717 2392 1833 2435 sepulti
1855 2393 1898 2423 iis

273 2454 406 2494 litteris,
437 2466 518 2498 quae
540 2455 664 2498 punctis
687 2452 831 2485 inclusae
854 2459 945 2492 sunt,
980 2453 1151 2491 contineri,
1183 2451 1223 2483 cf.
1247 2449 1309 2482 Cit.
1325 2453 1365 2483 23
1389 2457 1420 2482 et
1441 2451 1538 2481 inser.
1562 2449 1672 2489 sard„
1702 2452 1777 2481 item
1801 2458 1896 2490 supra

275 2550 346 2582 pag.
379 2542 429 2573 55.
484 2540 535 2572 En
572 2539 702 2583 legendi
731 2537 931 2581 periculum,
968 2539 1002 2570 in
1034 2548 1095 2581 quo
1124 2538 1310 2580 posuimus,
1347 2535 1468 2578 figuras
1508 2508 1658 2586 ’γῆν
1677 2558 1687 2574 ,
1731 2543 1811 2576 quae
1841 2511 1895 2564 ‘bis

277 2630 449 2663 occurrunt
468 2623 525 2656 lin.
551 2627 566 2656 1
592 2631 624 2656 et
646 2627 684 2664 3,
717 2635 813 2657 unam
836 2631 958 2657 tantum
979 2623 1117 2656 litteram
1142 2623 1225 2655 Cltet
1245 2633 1317 2654 esse
1338 2621 1401 2664 (cf.
1423 2631 1495 2663 pag.
1511 2622 1590 2662 28):
