2242 2976
378 274 427 312 56
479 268 612 304 LIBER
636 267 812 301 PRIMUS.
857 264 1232 299 PALAEOGRAPHIA
1253 263 1504 298 PHOENICIA.
1548 263 1696 298 CAPUT
1719 262 1936 297 TERTIUM.

505 367 536 397 5.
579 361 731 401 Facilius,
754 370 847 403 quam
862 358 928 391 illis
941 358 1160 401 distinguendi
1175 359 1289 402 signis,
1312 357 1491 391 Phoenices
1504 358 1683 391 caruissent
1700 358 1804 400 signis
1819 357 2009 401 quibusdam
2049 358 2052 361 “

379 452 419 484 ab
434 450 526 482 initio
541 454 573 480 et
587 446 653 479 fine
676 445 861 484 titulorum,
884 443 1020 476 subinde
1036 444 1131 475 etiam
1147 442 1347 486 singulorum
1362 454 1513 476 versuum
1528 442 1651 482 obviis,
1689 435 1702 496 Ι
1746 437 1785 505 '-
1826 431 1828 433 ‚
1848 435 1886 498 οι
1953 433 1988 505 2¹

379 545 493 586 partim
519 539 698 573 ornamenti
718 539 836 581 partim
855 537 952 579 spatii
974 535 1125 579 explendi
1147 546 1244 568 cansa
1265 537 1394 579 positis,
1425 537 1499 569 vide
1527 535 1592 569 Cit.
1614 538 1634 568 3
1663 536 1733 568 init.
1755 537 1787 568 7.
1810 537 1829 567 8
1851 541 1935 568 extr.
1958 539 2010 568 14.

380 603 421 632 22
444 606 525 630 extr.
549 599 588 628 23
611 597 683 627 init.
706 597 746 627 29
775 593 836 635 (cf.
859 593 954 636 Kopp
977 592 1015 624 B.
1038 593 1103 625 und
1126 591 1220 624 Schr.
1256 596 1294 631 1,
1326 596 1404 632 225,
1431 595 1486 636 qui
1514 600 1600 625 recte
1627 594 1692 624 iam
1722 592 1834 624 eedem
1862 592 1956 635 sigua
1974 593 2010 625 in

378 652 640 696 inscriptionibus
664 650 818 683 Romanis
840 651 975 693 reperiri
998 649 1225 689 observavit),
1255 648 1318 681 Cit.
1339 653 1381 682 33
1404 649 1462 682 lin.
1483 653 1516 682 4.
1540 652 1578 689 5,
1601 656 1634 681 et
1654 649 1726 681 fort.
1746 647 1878 680 Numid.
1894 651 1914 680 2
1927 655 2009 682 extr.

379 711 518 744 Molesta
541 709 622 741 adeo
643 708 739 740 huius
761 708 890 750 generis
912 707 1024 749 signa,
1055 706 1170 748 quippe
1193 717 1274 749 quae
1296 717 1368 739 cnm
1394 705 1510 738 litteris
1539 705 1618 738 Sain
1641 713 1673 738 et
1694 704 1783 737 zade
1810 702 1906 736 facile
1933 714 2012 738 eon·

378 767 469 799 fundi
492 767 617 809 possint
638 771 670 796 et
693 766 821 806 saepius
844 765 909 795 iam
931 762 973 795 ab
994 761 1226 804 interpretibus
1247 763 1381 795 confusa
1407 764 1483 794 sint.
1526 761 1616 794 Idem
1645 762 1686 794 de
1717 759 1791 792 aliis
1819 759 2011 803 quibusdan

381 852 577 884 ornamentis
593 848 745 882 finalibus
760 849 930 880 dicendum
944 854 994 879 est
1009 857 1039 878 v.
1051 857 1079 878 c.
1103 830 1182 899 Μ
1205 846 1239 878 in
1256 857 1332 879 vase
1346 846 1575 880 Panormitano
1593 848 1658 889 (no.
1674 847 1742 891 43),
1757 827 1859 914 W
1882 843 1954 880 'Ciu
1970 849 2012 880 29

384 944 425 976 ab
449 942 679 985 interpretibus
701 951 869 984 perperam
891 941 924 972 in
947 938 1124 972 litterarum
1147 950 1315 972 nnmerum
1338 938 1461 979 relatis,
1484 939 1525 973 cf.
1548 941 1645 973 etiam
1667 939 1729 974 Cit.
1752 946 1802 975 ¹0.
1817 945 1869 975 2⁷.
1884 944 1936 974 32.
1958 943 2012 974 33.

554 998 639 1039 „De
663 998 797 1030 Graecis
819 997 951 1029 vetustis
973 996 1070 1028 modo
1102 997 1241 1028 indivisa
1270 996 1429 1038 scriptura
1461 997 1556 1029 modo
1585 996 1724 1040 singulis
1755 998 1840 1031 binis
1869 999 2011 1031 ternisve

468 1056 627 1098 „punctis
651 1053 815 1086 utentibus
837 1063 865 1084 v.
884 1052 974 1089 ,infra
995 1054 1024 1092 ς.
1048 1055 1101 1085 48.
1144 1052 1196 1084 De
1219 1052 1366 1085 Etruscis
1389 1052 1483 1085 modo
1505 1053 1625 1085 dictum
1648 1061 1712 1086 not.
1731 1055 1821 1098 ⁴⁸⁴¹).“

555 1112 714 1150 „Praeter
745 1109 807 1142 hos
836 1109 981 1141 indicem
1009 1112 1176 1151 scriptum
1201 1119 1362 1152 nunquam
1393 1119 1458 1141 non
1486 1116 1619 1142 utuntur
1646 1117 1774 1144 veteres
1801 1110 1947 1144 Hebraei
1977 1112 2012 1144 in

469 1169 627 1208 „numis,
649 1166 850 1208 Palmyreni,
873 1166 991 1198 Persae
1013 1166 1047 1197 in
1070 1166 1286 1198 monumentis
1309 1164 1600 1198 Sassanidarum.“
1996 1199 2000 1204 ,

555 1222 695 1262 „Verba
728 1225 849 1265 spatiis
873 1223 1028 1265 distingui
1058 1221 1205 1254 solebant
1237 1223 1272 1254 in
1308 1223 1468 1264 scriptura
1504 1231 1654 1254 aramaea
1689 1212 1876 1266 aegyptiaca
1912 1229 1946 1256 et
1979 1224 2012 1255 in

467 1282 663 1323 quadrata.“
1614 1306 1622 1311 .

554 1358 575 1374 ,‚
584 1334 736 1378 Singulis
752 1338 887 1377 puncti:
907 1334 1078 1367 utebantur
1099 1341 1225 1366 veteres
1248 1333 1385 1367 Romani
1410 1333 1461 1377 ss·
1483 1336 1545 1381 49,
1568 1337 1608 1376 ⁶)
1630 1341 1663 1367 et
1685 1334 1897 1375 Samaritani,
1928 1335 2014 1370 binis

468 1394 629 1435 „punctis
650 1390 828 1433 Aethiopes
849 1390 903 1432 (cf.
927 1390 1031 1433 Kopp.
1053 1393 1083 1430 §-
1106 1391 1305 1433 77—80).“

1185 1484 1191 1490 .
1223 1461 1276 1491 39.

700 1514 800 1546 Noun
830 1517 955 1557 cigna
984 1460 1417 1547 vocalaeaslaabuertne
1446 1514 1696 1548 Phoenicen.

517 1581 690 1624 Signorum
719 1579 878 1612 vocalium
913 1592 953 1613 ne
984 1582 1149 1613 minimum
1180 1583 1307 1624 quidem
1339 1584 1508 1625 vestigium
1537 1584 1569 1615 in
1599 1585 1814 1616 monumentis
1837 1583 2015 1627 phoeniciis

385 1639 553 1681 reperitur.
606 1636 702 1678 Quod
731 1638 817 1669 enim
848 1636 924 1669 olim
955 1639 988 1669 in
1019 1637 1120 1669 titulis
1149 1628 1339 1681 quibusdam
1367 1638 1595 1672 Melitensibus
1623 1640 1705 1683 apud
1738 1639 1914 1673 Castellum
1944 1641 2015 1673 eins

383 1695 511 1738 generis
534 1695 626 1737 signa
648 1694 912 1726 animadvertisse
939 1693 1018 1726 mihi
1047 1695 1133 1726 visus
1156 1705 1244 1727 eram
1269 1695 1356 1737 (hist.
1378 1694 1457 1739 ling.
1481 1695 1572 1729 hebr.
1594 1707 1626 1740 p.
1654 1697 1746 1738 184),
1773 1697 1807 1729 id
1829 1707 1915 1729 nune
1935 1696 2016 1728 mihi

384 1751 622 1783 retractandum
640 1757 700 1789 est,
726 1760 821 1793 quum
838 1749 894 1782 illa
914 1750 1098 1793 apographa
1120 1749 1183 1782 fide
1200 1762 1332 1794 prorsus
1346 1752 1479 1795 indigna
1494 1753 1559 1784 sint
1580 1755 1625 1795 (v.
1639 1751 1695 1784 lib.
1713 1756 1744 1793 2,
1768 1760 1840 1796 post
1853 1754 1950 1785 inscr-
1962 1752 2014 1795 4):

384 1818 488 1850 neque
510 1808 612 1849 magis
633 1807 812 1838 audiendus
835 1807 1050 1850 Lindbergius
1073 1807 1125 1849 (de
1150 1809 1255 1840 numis
1279 1808 1450 1840 Sextorum
1473 1819 1505 1851 p.
1523 1809 1596 1851 31),
1629 1810 1684 1852 qui
1704 1810 1837 1842 disiecta
1859 1809 2016 1853 quaedam

385 1862 511 1895 litterae
542 1863 663 1894 fractae
692 1862 837 1895 membra
868 1865 903 1895 in
930 1874 1027 1895 numo
1060 1865 1129 1896 sive
1152 1863 1296 1896 sextano
1328 1866 1397 1896 sive
1421 1863 1599 1908 Tingitano
1629 1864 1788 1898 vocalium
1820 1867 1915 1909 signa
1942 1875 2015 1898 esse

386 1919 619 1962 suspicabatur.

512 1974 641 2006 Lz'neae
678 1974 876 2007 diacrieicae
912 1986 989 2007 vero
1030 1977 1070 2008 ad
1108 1976 1268 2009 vocalium
1306 1977 1476 2012 defectum,
1505 1977 1739 2020 quodammodo
1776 1977 2014 2010 resarciendum

385 2032 586 2075 excogitatae
609 2030 809 2074 exemplum,
835 2031 911 2063 licet
934 2033 1080 2072 unicum,
1103 2040 1208 2065 exstat
1230 2034 1264 2064 in
1286 2034 1495 2076 inscriptione
1516 2032 1669 2077 Cartbag.
1688 2036 1719 2066 8.
1741 2032 1799 2066 lin.
1817 2037 1834 2066 1
1857 2033 1913 2066 ubi
1930 2033 2014 2066 vide.

1166 2133 1172 2139 .
1207 2112 1260 2141 40.

501 2163 564 2196 De
597 2164 826 2203 defectiva
853 2162 1074 2197 scribendi
1103 2110 1280 2198 ratione
1310 2165 1422 2209 apud
1448 2165 1688 2198 Phoenices
1716 2169 1895 2198 usitata.

514 2231 686 2274 Signorum
716 2239 821 2263 autem
851 2231 1008 2264 vocalium
1044 2233 1197 2275 (quorum
1227 2235 1371 2265 inventio
1399 2234 1588 2265 recentioris
1618 2244 1711 2276 quam
1740 2235 1811 2276 ipsa
1839 2233 2015 2266 novissima

389 2295 593 2321 monumenta
623 2287 794 2330 phoenicia
824 2290 939 2320 aetatis
971 2299 1042 2321 esse
1073 2290 1219 2331 videtur)
1249 2301 1343 2322 usum
1370 2290 1529 2333 quomodo
1551 2301 1571 2321 a
1589 2290 1808 2333 *Phoenicibus
1835 2298 2014 2334 exspectes,

388 2346 444 2388 qui
465 2355 506 2375 ne
519 2354 566 2375 -eo
590 2345 716 2386 quidem
740 2343 899 2375 vocalium
922 2345 1164 2377 indicandorum
1185 2345 1350 2385 subsidio,
1374 2347 1458 2389 quod
1481 2347 1514 2378 in
1535 2345 1651 2379 litteris
1666 2346 1904 2389 quiescentibus
1926 2358 1938 2381 7
1955 2354 1987 2379 et
2002 2357 2014 2373 ἱ

388 2399 551 2433 habebant
565 2399 709 2431 Hebraei
731 2401 801 2431 sine
827 2402 951 2442 punctis
968 2401 1156 2440 scribentes,
1179 2403 1225 2434 nti
1242 2401 1402 2442 solebant,
1425 2414 1518 2446 quam
1533 2404 1720 2445 parcissime
1733 2410 1819 2435 certe
1834 2402 2015 2443 utebantur,
2072 2401 2077 2407 '

389 2464 422 2489 et
442 2456 651 2489 litteraturam
675 2455 838 2488 habebant
859 2458 956 2488 meris
972 2457 1222 2490 consonantibus
1238 2459 1455 2491 constantem!
1485 2458 1551 2497 Qui
1566 2460 1692 2502 quidem
1706 2459 1798 2492 locus
1814 2461 1959 2502 quamvis
1974 2460 2014 2492 ad

391 2545 487 2574 selben,
519 2548 586 2568 sensi
619 2548 663 2575 gui
698 2543 887 2575 geschriebenen
915 2543 1100 2568 Perusinischen
1128 2546 1171 2568 In-
1239 2546 1370 2569 zen-Issen.
1407 2546 1479 2570 Knrz
1505 2545 1574 2570 aiae
1592 2543 1742 2575 Inschru‘sten
1760 2546 1879 2570 heweisen
1897 2545 2015 2578 deutlich,

391 2590 477 2622 schrift
493 2591 549 2616 sind
566 2591 607 2616 die
627 2593 715 2617 Worte
733 2590 770 2622 ost
788 2591 867 2616 durch
879 2593 975 2616 Pur-ote
988 2599 1035 2616 von
1051 2592 1170 2616 einander
1238 2593 1297 2617 dass
1315 2593 1356 2618 die
1375 2594 1471 2618 Tuslrer
1488 2593 1543 2618 kein
1561 2593 1723 2619 literates
1743 2595 1830 2620 Volk
1847 2603 1947 2626 waren,
1970 2594 2018 2619 wt'ae

392 2644 519 2671 getrennt,
545 2638 582 2670 ost
606 2640 687 2665 nieht.-
719 2640 771 2664 und
796 2641 821 2664 in
848 2639 896 2664 den
922 2638 1097 2670 Ausschrt'sten
1123 2639 1175 2670 aus
1238 2641 1279 2665 die
1296 2641 1409 2666 Athener
1425 2642 1470 2666 des
1490 2642 1599 2666 Pen'cles
1617 2651 1642 2666 u.
1658 2650 1678 2667 s.
1691 2635 1742 2667 w.‘
1760 2641 1804 2668 Cf.
1819 2641 1903 2668 Lanzi
1916 2640 2018 2677 Suggio

395 2689 568 2723 Todtenkisten
589 2688 687 2713 werden
709 2686 747 2719 ost
767 2689 855 2714 Worte
874 2688 954 2714 durch
983 2689 1169 2721 Interpuncu'on
1238 2688 1264 2713 di
1283 2688 1373 2722 lingua
1391 2692 1497 2715 etrusca
1516 2688 1546 2721 l,
1566 2689 1653 2716 281.“
