2242 2976
328 212 379 251 24
427 209 560 244 LIBER
584 207 760 243 PRIMUS.
803 203 1181 240 PALAEOGRAPHIA
1203 201 1456 237 PHOENICIA.
1500 200 1648 235 CAPUT
1670 198 1888 234 TERTIUM.

329 305 435 348 (Sard.
458 308 487 337 2.
513 307 543 336 3.
566 306 596 337 7.
618 301 716 346 sigili.
741 312 794 333 no.
820 303 862 333 67
871 300 925 342 b),
947 305 980 332 et
1001 297 1157 342 capitibus
1178 298 1266 331 varie
1287 296 1434 330 formatis

793 359 804 372 .
1035 357 1045 372 e
1260 355 1273 371 ο
1494 359 1506 373 ⁷

330 468 406 497 item
429 462 513 496 collo
536 463 623 494 varie
645 378 917 503 aptatoffasaim
939 372 1206 500 efiaffllongiore
1228 373 1332 500 (filia
1354 375 1528 500 Rezchf}
1552 467 1687 490 recurvo
1709 457 1758 498 (ut
1778 455 1813 487 ia
1836 453 1934 498 Beth)

650 513 1646 604 Δὲὶόἱὲὀί

334 634 382 671 (ν.
406 633 513 673 quart.
537 626 689 669 Carthag.
709 628 740 658 8.
764 629 866 669 quint.
888 625 991 658 Melit.
1015 629 1054 665 2,
1080 628 1107 657 1.
1131 629 1218 657 sext.
1240 623 1303 657 Cit.
1325 627 1382 664 18,
1405 631 1508 669 cept„
1533 638 1616 670 quae
1637 629 1736 671 longe
1747 626 1960 670 frequentin·
2022 620 2025 625 ¹

334 691 415 719 sima
438 690 487 718 est
510 683 613 717 Melit.
636 687 665 716 1.
687 682 807 715 Athen.
829 686 859 714 1.
882 686 912 714 2.
937 681 999 714 Cit.
1023 685 1053 715 3.
1075 685 1127 714 12.
1149 683 1202 713 20.
1237 692 1323 713 num.
1347 680 1425 724 Tyr.
1450 681 1491 716 N.
1515 683 1584 716 Sid.
1606 683 1646 717 E.
1670 683 1711 717 G.
1735 683 1761 718 Ι.
1782 682 1826 716 Κ.
1847 681 1892 715 Μ.
1916 679 1959 714 0.

333 742 373 775 Τ.
398 741 439 774 U.
462 740 517 773 W.
540 741 586 773 X.
619 739 725 772 Gadit.
753 738 937 782 plerosque,
966 750 1083 783 gemm.
1111 748 1164 770 no.
1188 740 1230 770 45
1254 736 1325 777 bia,
1361 743 1425 771 oct.
1455 738 1559 784 Tugg.
1588 740 1656 774 Sid.
1682 741 1717 774 P.
1745 739 1786 779 Q.
1816 738 1856 772 R.
1887 747 1962 783 m,

333 798 431 831 Nuin.
452 801 491 837 5,
516 800 546 830 1.
577 800 614 837 2,
646 796 715 828 dec.
738 795 807 829 sid.
835 795 879 828 A.
903 795 942 829 B.
964 795 1015 835 D,
1045 795 1160 827 «endec.
1183 801 1216 826 et
1236 793 1371 826 duodec.
1401 794 1471 829 Sid.
1500 796 1539 829 F.
1568 797 1608 830 L.
1639 797 1700 831 cit.
1727 801 1789 837 24,
1817 795 1874 829 lin.
1902 797 1960 835 2.).

334 855 447 898 Capite
471 864 610 897 superne
631 859 741 895 aperto

1013 907 1069 989 ΕΙ
1241 908 1287 987 ‘4‘

335 1021 453 1055 Daleth
477 1021 605 1053 nonni-i
625 1022 658 1053 in
682 1021 787 1053 numia
801 1018 936 1051 Ciliciae
952 1018 1013 1059 (A)
1035 1024 1069 1050 et
1090 1019 1124 1051 in
1141 1017 1441 1062 Oxoniensilapide
1462 1022 1630 1064 reperitur.
1673 1020 1787 1054 Solent
1798 1021 1884 1053 enim
1901 1020 1966 1053 sibi

337 1085 483 1112 constare
507 1083 711 1110 monumenta
734 1078 767 1108 in
790 1075 946 1119 capitibus
966 1074 1144 1108 litterarum
1168 1075 1270 1116 Beth,
1298 1075 1435 1117 Daleth‚
1463 1076 1569 1110 Reach
1599 1078 1738 1121 (panim
1760 1079 1857 1109 etiam
1878 1076 1965 1118 Ain)

339 1135 524 1178 pingendis,
549 1135 593 1165 ita
613 1141 647 1165 ut
669 1135 723 1177 qui
747 1132 829 1165 Beth
852 1134 985 1176 pingant
1008 1131 1161 1175 trianguli
1181 1133 1298 1172 instar,
1321 1134 1418 1165 etiam
1439 1132 1545 1167 Reseh
1561 1141 1594 1166 et
1606 1133 1725 1166 Daleth
1741 1135 1855 1167 eodem
1871 1133 1967 1166 modo

338 1193 491 1234 pingant,
515 1191 568 1234 qui
583 1189 689 1222 Resch
711 1188 852 1222 habeant
873 1189 1059 1232 quadratum
1084 1188 1136 1220 vel
1151 1189 1322 1222 rotundum
1338 1189 1388 1222 vel
1411 1201 1550 1233 superne
1570 1197 1736 1234 apertum,
1765 1191 1861 1230 etiam
1884 1189 1967 1222 Beth
1995 1194 1998 1197 '

339 1255 372 1279 et
401 1246 520 1279 Daleth
543 1247 656 1278 eodem
678 1247 772 1278 modo
794 1245 919 1289 fingant
947 1245 998 1287 (v.
1020 1252 1127 1277 tamen
1146 1245 1266 1278 Athen.
1289 1250 1328 1286 2,
1357 1245 1421 1279 Cit.
1442 1249 1493 1280 14.
1517 1249 1568 1280 15.
1589 1247 1660 1290 23).

468 1315 505 1349 In
527 1317 685 1359 scriptura
706 1316 883 1359 Hinpauica
905 1321 938 1347 et
958 1313 1130 1348 Numidica
1152 1323 1248 1360 caput
1270 1316 1312 1348 ab
1333 1327 1397 1349 una
1416 1323 1508 1360 parte
1529 1316 1598 1349 hiat

1040 1374 1049 1387 ¹
1246 1372 1277 1390 10
1551 1375 1553 1377 ’

345 1477 427 1520 (dec.
448 1478 551 1519 quint.
577 1485 607 1507 v,
629 1474 711 1506 Abd.
735 1474 777 1506 D.
807 1475 877 1507 dec.
901 1477 988 1506 text.
1010 1373 1093 1505 Gi.
1115 1472 1151 1504 F.
1173 1473 1198 1505 1.
1226 1395 1311 1507 Αᾟά.
1335 1473 1373 1507 C.
1398 1474 1431 1507 F.
1458 1474 1592 1509 Numid.
1614 1478 1654 1515 3,
1687 1477 1741 1518 1),
1773 1486 1849 1508 mox
1874 1475 1967 1519 plane

345 1533 444 1574 perit,
474 1538 509 1562 ut
529 1530 610 1562 nihil
632 1532 695 1564 nisi
717 1530 835 1564 collum

348 1687 497 1730 supersit,
520 1696 601 1729 quae
623 1684 729 1728 figura
752 1691 858 1717 tamen
881 1686 914 1717 in
937 1685 1007 1718 sola
1026 1696 1104 1718 voce
1127 1694 1185 1728 'flu
1207 1685 1395 1729 sigliinntar
1408 1689 1496 1731 picta
1516 1687 1559 1731 (ς.
1576 1689 1631 1730 35)
1653 1689 1810 1731 reperitur
1827 1686 1971 1729 (Numid.

348 1747 386 1783 1,
413 1747 440 1775 1.
462 1746 492 1775 2.
514 1746 551 1782 2,
576 1745 604 1774 1.
625 1746 664 1781 4,
687 1745 715 1773 2.
737 1744 768 1774 3.
791 1744 827 1782 5,
851 1745 881 1773 1.
913 1740 1001 1785 Trip.
1027 1746 1064 1781 2,
1086 1745 1134 1783 4).
1177 1741 1213 1774 In
1242 1742 1315 1776 aliia
1345 1744 1509 1778 vocabulis
1537 1746 1633 1777 etiam
1655 1743 1815 1777 Numidae
1835 1743 1972 1776 litteram

349 1799 475 1843 plenius
499 1800 635 1842 pingunt
658 1799 701 1840 (v.
726 1797 820 1830 Num.
847 1801 883 1837 5,
909 1802 937 1830 1.
959 1801 979 1830 2
1001 1800 1033 1830 in
1059 1809 1184 1844 'fn-¹5³⁷,
1207 1801 1314 1842 num).

479 1875 649 1908 Caeterum
671 1887 711 1908 ne
735 1878 879 1916 mireris,
901 1884 1045 1910 veterum
1066 1887 1343 1912 monumentorum
1365 1880 1580 1922 descriptore·
1605 1879 1703 1911 breve
1729 1879 1825 1910 buius
1848 1877 1974 1910 litterae

352 1933 470 1967 collum
491 1933 627 1966 subinde
650 1943 779 1975 prorsus
804 1932 985 1976 neglexi-se
1008 1941 1040 1966 et
1060 1933 1178 1967 Daleth
1201 1937 1247 1967 ita
1269 1934 1432 1978 pinxisse,
1460 1943 1495 1968 ut
1517 1935 1580 1968 Ain
1603 1935 1759 1967 videatur.
1803 1934 1839 1967 Id
1860 1935 1976 1967 accidit

352 1989 531 2023 Humberto
554 1990 587 2021 in
609 1999 768 2021 marmore
791 1988 899 2020 Carth.
923 1993 958 2028 1,
980 1988 1037 2022 lin.
1058 1994 1096 2030 2,
1125 1998 1157 2023 et
1185 1991 1392 2034 probabiliter
1413 1990 1575 2024 Richardo
1596 1990 1757 2024 Pocockio
1779 1992 1812 2023 in
1838 1990 1897 2023 cit.
1923 1993 1974 2030 13,

351 2046 409 2078 lin.
432 2050 462 2078 2.
506 2046 542 2078 In
565 2045 716 2077 Dutensii
737 2045 906 2088 alphabeto
927 2045 988 2078 sub
1006 2046 1112 2079 littera
1133 2047 1251 2079 Daleth
1274 2047 1382 2090 plures
1406 2059 1479 2080 esse
1501 2047 1642 2091 figuras,
1675 2058 1757 2091 qnae
1779 2046 1875 2090 Koph
1898 2048 1975 2087 sint,

352 2114 449 2146 supra
471 2104 535 2134 iam
557 2102 759 2135 observatum
782 2109 840 2134 est.

528 2193 611 2233 „Ex
633 2193 862 2235 antiquissimi·
883 2192 996 2235 figuris
1017 2204 1070 2226 no.
1095 2197 1124 2226 1.
1147 2196 1179 2234 3,
1200 2199 1234 2226 ut
1256 2195 1412 2235 diximus,
1433 2195 1522 2228 ortae
1535 2202 1611 2229 cunt
1625 2205 1758 2239 graeca,
1781 2193 1977 2233 celtiberice,

440 2249 618 2290 „Romana
646 2250 805 2292 antiquior
834 2249 1000 2292 angulata:
1037 2251 1196 2283 recentior
1223 2252 1359 2284 rotunda
1389 2262 1462 2285 cum
1494 2251 1638 2284 umbrica
1666 2262 1709 2284 ex
1735 2258 1846 2284 nostra
1873 2249 1978 2294 figura

443 2309 624 2349 „septima
667 2305 720 2338 Ex
741 2306 852 2338 eadem
874 2305 970 2338 fluxit
987 2306 1075 2339 Dent
1096 2306 1321 2350 aethiopicum.
1332 2310 1356 2328 ‘⁸

532 2375 614 2415 „Ad
636 2375 713 2419 figg.
735 2378 783 2408 11.
800 2379 850 2407 12.
866 2374 906 2408 13
931 2388 1027 2419 prope
1042 2378 1164 2409 accedit
1177 2379 1322 2417 zendica,
1346 2379 1380 2410 in
1396 2387 1458 2422 qua
1473 2377 1654 2411 litteratura
1669 2376 1842 2411 nonnullae
1854 2376 1979 2421 figurae

445 2442 610 2475 „magnae
633 2433 830 2475 antiquitatis
853 2443 924 2464 esse
946 2434 1131 2466 videntur.“

534 2502 753 2545 „Supremam
781 2502 899 2534 lineam
933 2502 1016 2535 ultra
1052 2514 1181 2547 scapum
1218 2504 1435 2548 prolongatam
1474 2506 1576 2539 haben
1612 2507 1646 2538 in
1683 2506 1839 2548 scriptura
1873 2512 1980 2537 vetere

448 2559 620 2599 „hebraea
642 2565 674 2591 et
694 2560 898 2592 samaritana.
909 2562 931 2580 “
