2242 2976
882 265 1310 299 PRAEFATIO.
1827 266 1911 299 xlx

289 372 314 397 a
347 366 496 396 tumore
527 338 806 408 verborumque
844 360 1019 408 ampullis
1055 361 1202 405 nobile,
1249 361 1349 409 quod
1384 363 1426 398 in
1458 361 1696 404 Tertulliani,
1738 360 1908 405 Arnobii,

288 424 468 472 APpuleii
485 425 716 473 aliorumque
731 424 995 461 Africanorum
1013 426 1159 474 scriptis
1175 427 1361 474 reperitur
1382 433 1420 462 et
1441 426 1626 462 sermonis
1642 425 1741 474 Afri
1749 419 1908 461 *nomine

287 489 514 534 celebratur,
540 499 591 525 ex
606 501 651 525 eo
667 490 836 526 maxime
851 489 1116 538 repetendum,
1144 491 1244 538 quod
1271 490 1309 526 hi
1333 492 1533 539 scriptores
1556 492 1682 539 lingua
1706 490 1909 526 vernacula

286 554 423 590 imbuti
444 554 596 590 fuerant
624 553 674 590 ad
697 555 900 591 verborum
923 566 1102 603 pompam
1128 555 1334 592 admodum
1359 556 1528 604 proclivi.
1582 555 1797 592 Accedebat
1818 566 1907 590 sane

286 619 480 655 rhetorum
506 617 854 666 Carthaginensium
878 619 1090 667 disciplina,
1118 620 1184 656 sed
1199 620 1301 656 haud
1319 621 1394 656 scio
1413 632 1461 656 an
1482 620 1591 657 huius
1617 621 1734 669 ipsius
1759 620 1907 656 indoles

283 695 339 720 vex
361 684 494 721 eadem
511 695 659 730 caussa,
684 683 888 721 fervidiore
904 684 1067 733 quadam
1083 685 1217 734 populi
1234 685 1470 733 regionisque
1486 685 1632 730 indole,
1657 685 1829 721 ducenda
1847 685 1905 720 sit.

413 803 459 840 In
497 804 804 854 interpretandis
846 805 965 840 titulis
1007 816 1286 853 humorumque
1327 806 1539 855 epigraphis
1587 806 1676 855 quid
1729 818 1753 842 a
1799 806 1907 842 nobis

283 869 509 917 praestitum
552 871 624 914 sit,
687 881 764 906 non
803 876 977 906 nostrum
1018 875 1076 905 est
1118 882 1413 907 commemorare
1464 873 1564 920 iique
1604 871 1797 914 iudicent,
1845 870 1909 918 qui

283 939 455 971 nostram
493 935 771 972 enarrationem
805 946 890 971 cum
923 935 1157 982 superiorum
1192 936 1442 983 interpretum
1472 937 1789 984 explicationibus
1822 946 1908 971 con—

283 998 528 1047 iecturisque,
562 1011 654 1048 quas
686 1000 825 1047 ubique
857 999 1070 1044 attulimus,
1111 1001 1428 1048 comparaverint.
1485 1000 1613 1037 Unum
1645 1002 1754 1037 nobis
1785 1000 1907 1036 dicere

245 1100 246 1103 ,
283 1063 413 1108 liceat,
461 1064 604 1101 nullam
646 1062 995 1112 interpretationem
1037 1076 1060 1100 a
1099 1065 1208 1101 nobis
1247 1064 1450 1101 admissam
1492 1078 1591 1110 esse,
1640 1066 1730 1114 quin
1770 1065 1908 1112 triplici

282 1127 370 1165 huic
403 1128 477 1176 legi
501 1129 751 1165 satisfaceret:
792 1135 836 1165 ut
866 1129 1032 1176 legitime
1063 1129 1161 1165 lecta
1193 1136 1292 1165 esset
1321 1130 1533 1178 inscriptio,
1571 1137 1615 1166 ut
1648 1131 1796 1177 linguae
1829 1128 1908 1164 dia-

283 1193 444 1241 lectique
485 1193 628 1245 legibus
668 1194 906 1238 conveniret,
955 1199 994 1230 et
1030 1200 1074 1229 ut
1119 1200 1249 1242 aptam
1289 1195 1478 1243 talemque
1519 1196 1747 1231 sententiam
1787 1192 1906 1237 efiice-

283 1264 358 1302 ret,
402 1270 497 1306 quae
529 1259 770 1296 monumenti
803 1265 961 1295 naturae
994 1265 1248 1295 consentanea
1281 1266 1390 1296 esset.
1453 1258 1562 1304 Quod
1595 1261 1767 1308 Koppius
1793 1269 1906 1306 saepe

283 1322 416 1359 horum
452 1330 784 1359 monumentorum
818 1324 1086 1371 interpretibus
1119 1324 1343 1369 inculcavit,
1385 1331 1428 1361 ut
1452 1326 1492 1361 in
1517 1326 1563 1361 iis
1587 1324 1790 1362 tractandis
1817 1329 1905 1359 ante

284 1388 415 1422 omnia
439 1387 738 1434 Palaeographos
759 1394 931 1434 agerent,
961 1387 1048 1422 dein
1071 1388 1297 1435 Philologus,
1323 1390 1346 1425 i.
1363 1402 1395 1425 e.
1411 1389 1458 1425 de
1474 1390 1554 1426 sola
1567 1391 1726 1426 lectione
1750 1389 1905 1424 circum-

284 1451 471 1498 spicerent
498 1451 602 1498 prius
629 1462 741 1498 quam
779 1450 829 1489 ad
861 1451 1211 1498 interpretationem
1236 1454 1570 1500 progrederentur,
1610 1455 1652 1491 id
1679 1453 1904 1501 tempestive

272 1513 436 1563 >quidem
469 1515 517 1551 ab
551 1527 597 1551 eo
630 1521 873 1563 praeceptum
900 1520 999 1559 erat,
1040 1521 1083 1551 ut
1107 1516 1331 1552 immodicae
1359 1518 1508 1554 cuidam
1535 1520 1576 1554 in
1602 1517 1760 1565 legendo
1787 1523 1904 1552 teme-

283 1580 387 1632 ritati
411 1580 524 1616 finem
550 1580 780 1627 imponeret:
819 1591 941 1627 neque
967 1585 1097 1620 tamen
1122 1580 1385 1627 negligendum
1414 1588 1516 1626 erat,
1555 1583 1594 1618 in
1621 1583 1750 1618 multis
1775 1579 1904 1616 inscri-

282 1644 474 1693 ptionibus
497 1644 645 1692 legendi
669 1645 840 1693 lectaque
862 1644 1095 1691 intelligendi
1119 1646 1268 1692 negotia
1293 1658 1373 1683 non
1393 1648 1465 1691 ita,
1491 1653 1533 1683 ut
1550 1647 1722 1695 Koppius
1738 1646 1903 1689 volebat,

283 1722 308 1747 a
329 1721 368 1746 se
394 1710 561 1760 invicem
601 1710 746 1757 seiungi
779 1721 887 1758 posse
922 1709 988 1746 sed
1014 1709 1126 1745 simul
1154 1715 1193 1745 et
1216 1711 1347 1747 eodem
1376 1718 1546 1760 tempore
1575 1711 1787 1748 exercenda
1813 1722 1904 1754 esse,

282 1775 465 1823 pluraque
488 1775 692 1822 scripturae
717 1786 854 1821 genera
870 1775 994 1810 minus
1009 1781 1184 1810 accurata
1201 1781 1239 1810 et
1253 1775 1418 1823 legitima
1432 1778 1511 1813 sine
1528 1778 1653 1825 aliqua
1669 1775 1904 1813 coniectandi

283 1839 530 1883 dexteritate,
573 1850 670 1887 quae
705 1840 786 1875 sine
821 1839 1094 1887 perfectissima
1131 1839 1279 1886 linguae
1318 1842 1529 1888 cognitione
1566 1843 1720 1889 cogitari
1762 1841 1903 1889 nequit,

283 1904 440 1940 onmino
466 1903 540 1950 legi
564 1914 642 1940 non
672 1915 800 1951 posse,
837 1904 934 1940 sicut
958 1903 1070 1943 hodie,
1097 1905 1294 1952 epistolam
1322 1907 1403 1942 sive
1431 1908 1621 1944 arabicam
1653 1908 1734 1943 sive
1761 1917 1904 1954 germa-

282 1969 408 2007 nicam
441 1967 608 2015 fugiente
638 1968 782 2005 calamo
813 1975 851 2005 et
880 1969 1127 2016 negligentius
1162 1971 1341 2018 scriptam
1371 1983 1484 2008 nemo
1520 1972 1637 2020 legat,
1671 1972 1762 2020 quin
1789 1971 1902 2006 etiam

281 2033 431 2080 linguae
462 2033 603 2081 peritus
632 2034 692 2070 sit.
755 2032 937 2077 Quocirca
966 2035 1061 2071 sicut
1085 2035 1125 2071 in
1156 2036 1425 2084 antiquissimis
1451 2037 1569 2072 titulis
1595 2037 1745 2073 Graecis
1770 2035 1904 2072 Arabi-

282 2099 409 2146 cisque
443 2097 610 2145 legendis
638 2110 661 2134 a
693 2098 780 2135 solis
812 2099 1101 2147 Palaeographis
1135 2099 1229 2136 nihil
1265 2112 1430 2148 unquam
1467 2108 1506 2137 et
1531 2103 1752 2150 praestitum
1780 2107 1835 2137 est
1866 2106 1904 2136 et

281 2163 463 2212 praestari
506 2163 649 2211 potuit,
697 2164 798 2211 iique
838 2164 909 2201 soli
943 2164 1101 2201 feliciter
1142 2166 1281 2202 versati
1320 2172 1426 2210 sunt,
1471 2167 1552 2214 qui,
1601 2173 1644 2203 ut
1684 2166 1903 2213 BoeckhiuS‚

280 2228 525 2272 Letronnius,
566 2227 798 2272 Fraehnius,
840 2229 956 2264 etiam
989 2230 1030 2265 in
1063 2230 1211 2277 linguae
1246 2231 1404 2267 scientia
1435 2232 1689 2280 principatum
1713 2236 1900 2276 tenerent:

280 2293 337 2329 ita
361 2294 403 2329 in
427 2292 634 2329 Phoeniciis
658 2294 982 2341 praestantissima
1003 2306 1170 2343 quaeque
1197 2296 1348 2331 nonnisi
1371 2297 1418 2333 ab
1446 2297 1491 2333 iis
1513 2297 1684 2345 profecta
1709 2302 1813 2339 sunt,
1840 2295 1901 2342 qui

282 2369 307 2394 a
331 2358 542 2405 linguarum
569 2357 741 2394 doctrina
768 2359 862 2394 bene
885 2359 1056 2394 instructi
1081 2360 1127 2395 ad
1147 2360 1460 2412 palaeographiae
1483 2362 1648 2398 studium
1670 2360 1900 2401 accederent,

280 2423 320 2458 in
364 2434 524 2471 quorum
571 2433 729 2458 numero
764 2429 851 2471 post
893 2423 1198 2470 Barthelemyum
1239 2417 1380 2472 ingenii
1421 2428 1594 2463 acumine
1635 2426 1898 2471 doctrinaeque

282 2487 467 2534 elegantia
489 2486 641 2535 reliquis
662 2488 830 2535 palmam
857 2489 1067 2537 praeripuit
1092 2488 1355 2527 Akerbladius.

408 2552 539 2599 Ipsum
567 2552 785 2600 explicandi
812 2554 1004 2600 negotium
1038 2554 1080 2589 in
1113 2554 1320 2591 Phoeniciis
1352 2567 1465 2603 saepe
1491 2555 1719 2603 permultum
1751 2559 1788 2588 et
1812 2552 1896 2600 plus

283 2615 397 2651 etiam
422 2628 535 2664 quam
558 2617 599 2652 in
626 2617 777 2654 Graecis
804 2618 941 2654 habere
969 2618 1214 2663 difficultatis,
1244 2619 1283 2655 id
1309 2620 1417 2656 facile
1443 2620 1551 2656 nobis
1582 2618 1805 2662 concedent,
1836 2617 1898 2664 qui
