<?xml version="1.0" encoding="UTF-8"?>
<!DOCTYPE html PUBLIC "-//W3C//DTD XHTML 1.0 Transitional//EN"
    "http://www.w3.org/TR/xhtml1/DTD/xhtml1-transitional.dtd">
<html xmlns="http://www.w3.org/1999/xhtml" xml:lang="en" lang="en">
 <head>
  <title>
</title>
<meta http-equiv="Content-Type" content="text/html;charset=utf-8" />
  <meta name='ocr-system' content='tesseract 3.04.00' />
  <meta name='ocr-capabilities' content='ocr_page ocr_carea ocr_par ocr_line ocrx_word'/>
</head>
<body>
  <div class='ocr_page' id='page_1' title='image "./scripturaelingua00geseuoft_0326.png"; bbox 0 0 2242 2976; ppageno 0'>
   <div class='ocr_carea' id='block_1_1' title="bbox 358 267 1863 318">
    <p class='ocr_par' dir='ltr' id='par_1_1' title="bbox 358 267 1863 318">
     <span class='ocr_line' id='line_1_1' title="bbox 358 267 1863 318; baseline -0.011 0"><span class='ocrx_word' id='word_1_1' title='bbox 358 280 434 318; x_wconf 83' lang='lat'><strong>290</strong></span> <span class='ocrx_word' id='word_1_2' title='bbox 518 275 651 311; x_wconf 81' lang='lat' dir='ltr'><strong>LIBER</strong></span> <span class='ocrx_word' id='word_1_3' title='bbox 673 272 877 314; x_wconf 71' lang='lat' dir='ltr'><strong>Tannus,</strong></span> <span class='ocrx_word' id='word_1_4' title='bbox 921 271 982 304; x_wconf 73' lang='lat' dir='ltr'><strong>na</strong></span> <span class='ocrx_word' id='word_1_5' title='bbox 1004 270 1146 304; x_wconf 79' lang='lat' dir='ltr'><strong>Nnffls</strong></span> <span class='ocrx_word' id='word_1_6' title='bbox 1168 267 1434 304; x_wconf 78' lang='lat' dir='ltr'><strong>PHOENICIIS.</strong></span> <span class='ocrx_word' id='word_1_7' title='bbox 1477 268 1863 304; x_wconf 66' lang='lat' dir='ltr'><strong>CAmw÷TERT1UM.</strong></span> 
     </span>
    </p>
   </div>
   <div class='ocr_carea' id='block_1_2' title="bbox 357 363 1981 467">
    <p class='ocr_par' dir='ltr' id='par_1_2' title="bbox 357 363 1981 467">
     <span class='ocr_line' id='line_1_2' title="bbox 359 363 1981 412; baseline -0.005 -7"><span class='ocrx_word' id='word_1_8' title='bbox 359 372 449 406; x_wconf 86' lang='lat' dir='ltr'><strong>Mem</strong></span> <span class='ocrx_word' id='word_1_9' title='bbox 474 372 507 403; x_wconf 90' lang='lat' dir='ltr'><strong>in</strong></span> <span class='ocrx_word' id='word_1_10' title='bbox 538 369 658 409; x_wconf 66' lang='lat' dir='ltr'><strong>naun).</strong></span> <span class='ocrx_word' id='word_1_11' title='bbox 703 367 754 399; x_wconf 87' lang='lat' dir='ltr'><strong>De</strong></span> <span class='ocrx_word' id='word_1_12' title='bbox 778 376 804 399; x_wconf 77' lang='grc' dir='ltr'>ιυ</span> <span class='ocrx_word' id='word_1_13' title='bbox 829 366 964 409; x_wconf 83' lang='lat' dir='ltr'><strong>genitivi</strong></span> <span class='ocrx_word' id='word_1_14' title='bbox 993 371 1086 404; x_wconf 84' lang='lat' dir='ltr'><strong>nota,</strong></span> <span class='ocrx_word' id='word_1_15' title='bbox 1123 366 1196 397; x_wconf 87' lang='lat' dir='ltr'><strong>vide</strong></span> <span class='ocrx_word' id='word_1_16' title='bbox 1224 375 1304 398; x_wconf 82' lang='lat' dir='ltr'><strong>mox</strong></span> <span class='ocrx_word' id='word_1_17' title='bbox 1332 375 1382 397; x_wconf 88' lang='lat' dir='ltr'><strong>no.</strong></span> <span class='ocrx_word' id='word_1_18' title='bbox 1403 368 1443 403; x_wconf 83' lang='lat'><strong>4,</strong></span> <span class='ocrx_word' id='word_1_19' title='bbox 1479 365 1578 396; x_wconf 78' lang='lat' dir='ltr'><strong>inser.</strong></span> <span class='ocrx_word' id='word_1_20' title='bbox 1610 363 1703 397; x_wconf 78' lang='lat' dir='ltr'><strong>Sard.</strong></span> <span class='ocrx_word' id='word_1_21' title='bbox 1725 363 1784 397; x_wconf 83' lang='lat' dir='ltr'><strong>lin.</strong></span> <span class='ocrx_word' id='word_1_22' title='bbox 1805 368 1844 404; x_wconf 90' lang='lat'><strong>1,</strong></span> <span class='ocrx_word' id='word_1_23' title='bbox 1873 363 1981 412; x_wconf 74' lang='lat' dir='ltr'><strong>Tugg.</strong></span> 
     </span>
     <span class='ocr_line' id='line_1_3' title="bbox 357 419 1496 467; baseline -0.008 -6"><span class='ocrx_word' id='word_1_24' title='bbox 357 429 414 461; x_wconf 90' lang='lat' dir='ltr'><strong>lin.</strong></span> <span class='ocrx_word' id='word_1_25' title='bbox 436 431 475 467; x_wconf 79' lang='grc' dir='ltr'><strong>ὃ,</strong></span> <span class='ocrx_word' id='word_1_26' title='bbox 503 434 535 457; x_wconf 91' lang='lat' dir='ltr'><strong>et</strong></span> <span class='ocrx_word' id='word_1_27' title='bbox 556 426 596 457; x_wconf 91' lang='lat' dir='ltr'><strong>ab</strong></span> <span class='ocrx_word' id='word_1_28' title='bbox 619 425 711 457; x_wconf 83' lang='lat' dir='ltr'><strong>initio</strong></span> <span class='ocrx_word' id='word_1_29' title='bbox 734 422 927 466; x_wconf 74' lang='lat' dir='ltr'><strong>epigraphes</strong></span> <span class='ocrx_word' id='word_1_30' title='bbox 947 423 982 454; x_wconf 91' lang='lat' dir='ltr'><strong>in</strong></span> <span class='ocrx_word' id='word_1_31' title='bbox 1005 423 1112 454; x_wconf 90' lang='lat' dir='ltr'><strong>numis</strong></span> <span class='ocrx_word' id='word_1_32' title='bbox 1137 421 1238 455; x_wconf 84' lang='lat' dir='ltr'><strong>Iubae</strong></span> <span class='ocrx_word' id='word_1_33' title='bbox 1259 421 1275 453; x_wconf 87' lang='lat'>1</span> <span class='ocrx_word' id='word_1_34' title='bbox 1296 422 1369 464; x_wconf 91' lang='lat' dir='ltr'><strong>(no.</strong></span> <span class='ocrx_word' id='word_1_35' title='bbox 1392 419 1496 463; x_wconf 79' lang='lat' dir='ltr'><strong>XX).</strong></span> 
     </span>
    </p>
   </div>
   <div class='ocr_carea' id='block_1_3' title="bbox 358 496 1984 656">
    <p class='ocr_par' dir='ltr' id='par_1_3' title="bbox 358 496 1984 656">
     <span class='ocr_line' id='line_1_4' title="bbox 485 496 1983 542; baseline -0.004 -8"><span class='ocrx_word' id='word_1_36' title='bbox 485 502 632 534; x_wconf 89' lang='lat' dir='ltr'><strong>Eundem</strong></span> <span class='ocrx_word' id='word_1_37' title='bbox 672 511 802 532; x_wconf 91' lang='lat' dir='ltr'><strong>numum</strong></span> <span class='ocrx_word' id='word_1_38' title='bbox 838 498 954 531; x_wconf 89' lang='lat' dir='ltr'><strong>litteris</strong></span> <span class='ocrx_word' id='word_1_39' title='bbox 992 499 1148 538; x_wconf 83' lang='lat' dir='ltr'><strong>inversis,</strong></span> <span class='ocrx_word' id='word_1_40' title='bbox 1193 499 1284 542; x_wconf 87' lang='lat' dir='ltr'><strong>quasi</strong></span> <span class='ocrx_word' id='word_1_41' title='bbox 1321 508 1439 541; x_wconf 87' lang='lat' dir='ltr'><strong>graeco</strong></span> <span class='ocrx_word' id='word_1_42' title='bbox 1470 507 1559 529; x_wconf 90' lang='lat' dir='ltr'><strong>more</strong></span> <span class='ocrx_word' id='word_1_43' title='bbox 1597 496 1636 528; x_wconf 89' lang='lat' dir='ltr'><strong>ad</strong></span> <span class='ocrx_word' id='word_1_44' title='bbox 1667 496 1812 529; x_wconf 84' lang='lat' dir='ltr'><strong>dextram</strong></span> <span class='ocrx_word' id='word_1_45' title='bbox 1841 496 1983 529; x_wconf 86' lang='lat' dir='ltr'><strong>curreret</strong></span> 
     </span>
     <span class='ocr_line' id='line_1_5' title="bbox 358 551 1983 602; baseline -0.004 -11"><span class='ocrx_word' id='word_1_46' title='bbox 358 561 531 602; x_wconf 85' lang='lat' dir='ltr'><strong>scriptura,</strong></span> <span class='ocrx_word' id='word_1_47' title='bbox 563 556 664 589; x_wconf 88' lang='lat' dir='ltr'><strong>habes</strong></span> <span class='ocrx_word' id='word_1_48' title='bbox 685 556 745 588; x_wconf 87' lang='lat' dir='ltr'><strong>litt.</strong></span> <span class='ocrx_word' id='word_1_49' title='bbox 768 556 783 588; x_wconf 87' lang='lat'>1</span> <span class='ocrx_word' id='word_1_50' title='bbox 805 567 847 589; x_wconf 85' lang='lat' dir='ltr'><strong>ex</strong></span> <span class='ocrx_word' id='word_1_51' title='bbox 870 554 1017 598; x_wconf 83' lang='lat' dir='ltr'><strong>exemplo</strong></span> <span class='ocrx_word' id='word_1_52' title='bbox 1040 554 1199 587; x_wconf 88' lang='lat' dir='ltr'><strong>Mionneti</strong></span> <span class='ocrx_word' id='word_1_53' title='bbox 1222 552 1261 587; x_wconf 90' lang='lat' dir='ltr'><strong>T.</strong></span> <span class='ocrx_word' id='word_1_54' title='bbox 1283 554 1298 586; x_wconf 89' lang='lat'>1</span> <span class='ocrx_word' id='word_1_55' title='bbox 1318 566 1347 598; x_wconf 91' lang='lat' dir='ltr'><strong>p.</strong></span> <span class='ocrx_word' id='word_1_56' title='bbox 1369 557 1432 586; x_wconf 76' lang='lat'><strong>267</strong></span> <span class='ocrx_word' id='word_1_57' title='bbox 1454 564 1507 586; x_wconf 90' lang='lat' dir='ltr'><strong>no.</strong></span> <span class='ocrx_word' id='word_1_58' title='bbox 1527 554 1589 585; x_wconf 83' lang='lat'><strong>4⁷8</strong></span> <span class='ocrx_word' id='word_1_59' title='bbox 1613 552 1653 585; x_wconf 86' lang='lat' dir='ltr'><strong>cf.</strong></span> <span class='ocrx_word' id='word_1_60' title='bbox 1676 552 1741 585; x_wconf 88' lang='lat' dir='ltr'><strong>tab.</strong></span> <span class='ocrx_word' id='word_1_61' title='bbox 1762 554 1803 584; x_wconf 86' lang='lat'><strong>20</strong></span> <span class='ocrx_word' id='word_1_62' title='bbox 1825 562 1877 584; x_wconf 89' lang='lat' dir='ltr'><strong>no.</strong></span> <span class='ocrx_word' id='word_1_63' title='bbox 1899 551 1939 595; x_wconf 89' lang='grc'><strong>7</strong></span> <span class='ocrx_word' id='word_1_64' title='bbox 1949 559 1983 585; x_wconf 86' lang='lat' dir='ltr'><strong>et</strong></span> 
     </span>
     <span class='ocr_line' id='line_1_6' title="bbox 358 597 1984 656; baseline -0.005 -8"><span class='ocrx_word' id='word_1_65' title='bbox 358 617 422 649; x_wconf 89' lang='lat' dir='ltr'><strong>tab.</strong></span> <span class='ocrx_word' id='word_1_66' title='bbox 445 618 486 647; x_wconf 83' lang='lat'><strong>66</strong></span> <span class='ocrx_word' id='word_1_67' title='bbox 508 625 558 646; x_wconf 93' lang='lat' dir='ltr'><strong>no.</strong></span> <span class='ocrx_word' id='word_1_68' title='bbox 581 617 621 652; x_wconf 91' lang='grc'><strong>7,</strong></span> <span class='ocrx_word' id='word_1_69' title='bbox 662 614 747 656; x_wconf 89' lang='lat' dir='ltr'><strong>quod</strong></span> <span class='ocrx_word' id='word_1_70' title='bbox 768 614 832 645; x_wconf 88' lang='lat' dir='ltr'><strong>iam</strong></span> <span class='ocrx_word' id='word_1_71' title='bbox 855 612 987 644; x_wconf 80' lang='lat' dir='ltr'>dederat</span> <span class='ocrx_word' id='word_1_72' title='bbox 1009 610 1215 654; x_wconf 75' lang='lat' dir='ltr'><strong>Barthelemy</strong></span> <span class='ocrx_word' id='word_1_73' title='bbox 1236 611 1259 643; x_wconf 88' lang='lat'><strong>1.</strong></span> <span class='ocrx_word' id='word_1_74' title='bbox 1283 623 1310 643; x_wconf 93' lang='lat' dir='ltr'><strong>c.</strong></span> <span class='ocrx_word' id='word_1_75' title='bbox 1342 622 1394 644; x_wconf 90' lang='lat' dir='ltr'><strong>no.</strong></span> <span class='ocrx_word' id='word_1_76' title='bbox 1421 612 1471 642; x_wconf 87' lang='grc'><strong>10.</strong></span> <span class='ocrx_word' id='word_1_77' title='bbox 1514 608 1668 654; x_wconf 77' lang='lat' dir='ltr'><strong>Singulae</strong></span> <span class='ocrx_word' id='word_1_78' title='bbox 1693 608 1820 641; x_wconf 78' lang='lat' dir='ltr'>litterae</span> <span class='ocrx_word' id='word_1_79' title='bbox 1841 597 1929 640; x_wconf 84' lang='lat' dir='ltr'><strong>hunc</strong></span> <span class='ocrx_word' id='word_1_80' title='bbox 1943 605 1984 645; x_wconf 80' lang='lat' dir='ltr'><strong>in</strong></span> 
     </span>
    </p>
   </div>
   <div class='ocr_carea' id='block_1_4' title="bbox 356 658 1983 763">
    <p class='ocr_par' dir='ltr' id='par_1_4' title="bbox 356 658 1983 763">
     <span class='ocr_line' id='line_1_7' title="bbox 356 658 1983 763; baseline -0.005 -30"><span class='ocrx_word' id='word_1_81' title='bbox 356 701 485 733; x_wconf 84' lang='lat' dir='ltr'><strong>modum</strong></span> <span class='ocrx_word' id='word_1_82' title='bbox 513 701 663 732; x_wconf 75' lang='lat' dir='ltr'><strong>inversae</strong></span> <span class='ocrx_word' id='word_1_83' title='bbox 689 697 826 732; x_wconf 84' lang='lat' dir='ltr'><strong>subinde</strong></span> <span class='ocrx_word' id='word_1_84' title='bbox 855 699 888 730; x_wconf 88' lang='lat' dir='ltr'><strong>in</strong></span> <span class='ocrx_word' id='word_1_85' title='bbox 908 698 1025 733; x_wconf 83' lang='lat' dir='ltr'><strong>numis</strong></span> <span class='ocrx_word' id='word_1_86' title='bbox 1055 698 1278 740; x_wconf 86' lang='lat' dir='ltr'><strong>reperiuntur,</strong></span> <span class='ocrx_word' id='word_1_87' title='bbox 1315 703 1350 729; x_wconf 91' lang='lat' dir='ltr'><strong>ut</strong></span> <span class='ocrx_word' id='word_1_88' title='bbox 1383 666 1433 755; x_wconf 43' lang='grc' dir='ltr'><strong><em>ὲ</em></strong></span> <span class='ocrx_word' id='word_1_89' title='bbox 1448 695 1577 728; x_wconf 70' lang='lat' dir='ltr'><strong>Laned</strong></span> <span class='ocrx_word' id='word_1_90' title='bbox 1603 696 1638 727; x_wconf 90' lang='lat' dir='ltr'><strong>in</strong></span> <span class='ocrx_word' id='word_1_91' title='bbox 1666 694 1826 727; x_wconf 84' lang='lat' dir='ltr'><strong>Gaditano</strong></span> <span class='ocrx_word' id='word_1_92' title='bbox 1858 691 1902 732; x_wconf 89' lang='lat' dir='ltr'><strong>C,</strong></span> <span class='ocrx_word' id='word_1_93' title='bbox 1922 658 1983 763; x_wconf 58' lang='grc' dir='ltr'><strong>(Ι</strong></span> 
     </span>
    </p>
   </div>
   <div class='ocr_carea' id='block_1_5' title="bbox 356 758 1984 1048">
    <p class='ocr_par' dir='ltr' id='par_1_5' title="bbox 356 758 1984 1048">
     <span class='ocr_line' id='line_1_8' title="bbox 356 758 1984 817; baseline -0.005 -8"><span class='ocrx_word' id='word_1_94' title='bbox 356 779 390 809; x_wconf 91' lang='lat' dir='ltr'><strong>in</strong></span> <span class='ocrx_word' id='word_1_95' title='bbox 418 776 483 808; x_wconf 88' lang='lat' dir='ltr'><strong>alio</strong></span> <span class='ocrx_word' id='word_1_96' title='bbox 512 775 760 814; x_wconf 75' lang='lat' dir='ltr'><strong>Panormitano,</strong></span> <span class='ocrx_word' id='word_1_97' title='bbox 797 774 945 806; x_wconf 86' lang='lat' dir='ltr'><strong>Mionnet</strong></span> <span class='ocrx_word' id='word_1_98' title='bbox 966 773 1068 817; x_wconf 85' lang='lat' dir='ltr'><strong>suppl.</strong></span> <span class='ocrx_word' id='word_1_99' title='bbox 1090 772 1184 813; x_wconf 86' lang='lat' dir='ltr'><strong>vm,</strong></span> <span class='ocrx_word' id='word_1_100' title='bbox 1209 775 1269 812; x_wconf 77' lang='lat'><strong>50,</strong></span> <span class='ocrx_word' id='word_1_101' title='bbox 1307 779 1339 804; x_wconf 89' lang='lat' dir='ltr'><strong>et</strong></span> <span class='ocrx_word' id='word_1_102' title='bbox 1360 771 1474 803; x_wconf 87' lang='lat' dir='ltr'><strong>eodem</strong></span> <span class='ocrx_word' id='word_1_103' title='bbox 1495 772 1591 804; x_wconf 88' lang='lat' dir='ltr'><strong>modo</strong></span> <span class='ocrx_word' id='word_1_104' title='bbox 1613 773 1647 804; x_wconf 88' lang='lat' dir='ltr'><strong>in</strong></span> <span class='ocrx_word' id='word_1_105' title='bbox 1671 770 1804 803; x_wconf 84' lang='lat' dir='ltr'><strong>Graecis</strong></span> <span class='ocrx_word' id='word_1_106' title='bbox 1827 758 1984 813; x_wconf 76' lang='lat' dir='ltr'><strong>repet-itin·</strong></span> 
     </span>
     <span class='ocr_line' id='line_1_9' title="bbox 357 817 1984 886; baseline -0.003 -19"><span class='ocrx_word' id='word_1_107' title='bbox 357 826 401 871; x_wconf 75' lang='grc' dir='ltr'><strong>’Ἰ</strong></span> <span class='ocrx_word' id='word_1_108' title='bbox 422 846 480 879; x_wconf 90' lang='lat' dir='ltr'><strong>pro</strong></span> <span class='ocrx_word' id='word_1_109' title='bbox 502 825 539 870; x_wconf 88' lang='grc' dir='ltr'><strong>Γ</strong></span> <span class='ocrx_word' id='word_1_110' title='bbox 564 835 699 867; x_wconf 74' lang='lat' dir='ltr'><strong>Gamma</strong></span> <span class='ocrx_word' id='word_1_111' title='bbox 728 831 880 875; x_wconf 85' lang='lat' dir='ltr'><strong>(Boeckh</strong></span> <span class='ocrx_word' id='word_1_112' title='bbox 902 830 940 864; x_wconf 88' lang='lat' dir='ltr'><strong>C.</strong></span> <span class='ocrx_word' id='word_1_113' title='bbox 961 831 998 864; x_wconf 80' lang='lat' dir='ltr'><strong>F.</strong></span> <span class='ocrx_word' id='word_1_114' title='bbox 1022 843 1074 864; x_wconf 93' lang='lat' dir='ltr'><strong>no.</strong></span> <span class='ocrx_word' id='word_1_115' title='bbox 1097 835 1116 864; x_wconf 80' lang='lat'><strong>³</strong></span> <span class='ocrx_word' id='word_1_116' title='bbox 1145 843 1177 875; x_wconf 91' lang='lat' dir='ltr'><strong>p.</strong></span> <span class='ocrx_word' id='word_1_117' title='bbox 1198 832 1258 874; x_wconf 83' lang='lat'><strong>6),</strong></span> <span class='ocrx_word' id='word_1_118' title='bbox 1288 818 1344 886; x_wconf 56' lang='lat' dir='ltr'>q</span> <span class='ocrx_word' id='word_1_119' title='bbox 1367 837 1400 862; x_wconf 87' lang='lat' dir='ltr'><strong>et</strong></span> <span class='ocrx_word' id='word_1_120' title='bbox 1428 817 1476 885; x_wconf 62' lang='grc' dir='ltr'><strong><em>Γ</em></strong></span> <span class='ocrx_word' id='word_1_121' title='bbox 1510 833 1564 863; x_wconf 87' lang='grc' dir='ltr'><strong>Ρω</strong></span> <span class='ocrx_word' id='word_1_122' title='bbox 1588 830 1630 863; x_wconf 89' lang='lat' dir='ltr'><strong>al.</strong></span> <span class='ocrx_word' id='word_1_123' title='bbox 1662 830 1703 863; x_wconf 81' lang='lat' dir='ltr'><strong>cf.</strong></span> <span class='ocrx_word' id='word_1_124' title='bbox 1733 830 1860 863; x_wconf 78' lang='lat' dir='ltr'><strong>litteras</strong></span> <span class='ocrx_word' id='word_1_125' title='bbox 1892 828 1984 872; x_wconf 72' lang='lat' dir='ltr'><strong>Caph</strong></span> 
     </span>
     <span class='ocr_line' id='line_1_10' title="bbox 357 881 1984 933; baseline -0.004 -8"><span class='ocrx_word' id='word_1_126' title='bbox 357 901 389 925; x_wconf 89' lang='lat' dir='ltr'><strong>et</strong></span> <span class='ocrx_word' id='word_1_127' title='bbox 403 893 492 925; x_wconf 75' lang='lat' dir='ltr'><strong>Mem</strong></span> <span class='ocrx_word' id='word_1_128' title='bbox 508 892 718 933; x_wconf 82' lang='lat' dir='ltr'><strong>inscriptura</strong></span> <span class='ocrx_word' id='word_1_129' title='bbox 741 889 865 932; x_wconf 81' lang='lat' dir='ltr'><strong>vulgari</strong></span> <span class='ocrx_word' id='word_1_130' title='bbox 888 887 1162 920; x_wconf 77' lang='lat' dir='ltr'><strong>Samaritanorum</strong></span> <span class='ocrx_word' id='word_1_131' title='bbox 1187 887 1270 930; x_wconf 87' lang='lat' dir='ltr'><strong>(tab.</strong></span> <span class='ocrx_word' id='word_1_132' title='bbox 1293 887 1349 930; x_wconf 82' lang='lat'><strong>3):</strong></span> <span class='ocrx_word' id='word_1_133' title='bbox 1374 889 1465 920; x_wconf 90' lang='lat' dir='ltr'><strong>cuius</strong></span> <span class='ocrx_word' id='word_1_134' title='bbox 1487 888 1535 919; x_wconf 86' lang='lat' dir='ltr'><strong>rei</strong></span> <span class='ocrx_word' id='word_1_135' title='bbox 1556 897 1671 920; x_wconf 86' lang='lat' dir='ltr'><strong>caussa</strong></span> <span class='ocrx_word' id='word_1_136' title='bbox 1692 888 1775 930; x_wconf 88' lang='lat' dir='ltr'><strong>apud</strong></span> <span class='ocrx_word' id='word_1_137' title='bbox 1792 881 1984 919; x_wconf 59' lang='lat' dir='ltr'><strong>Phoenicio}</strong></span> 
     </span>
     <span class='ocr_line' id='line_1_11' title="bbox 357 932 1984 992; baseline -0.004 -10"><span class='ocrx_word' id='word_1_138' title='bbox 357 952 391 982; x_wconf 88' lang='lat' dir='ltr'><strong>in</strong></span> <span class='ocrx_word' id='word_1_139' title='bbox 420 949 556 992; x_wconf 85' lang='lat' dir='ltr'><strong>quadam</strong></span> <span class='ocrx_word' id='word_1_140' title='bbox 584 947 729 979; x_wconf 81' lang='lat' dir='ltr'><strong>Graecae</strong></span> <span class='ocrx_word' id='word_1_141' title='bbox 757 946 999 978; x_wconf 74' lang='lat' dir='ltr'><strong>consuetudinis</strong></span> <span class='ocrx_word' id='word_1_142' title='bbox 1022 946 1201 977; x_wconf 74' lang='lat' dir='ltr'><strong>imitatione</strong></span> <span class='ocrx_word' id='word_1_143' title='bbox 1225 945 1408 987; x_wconf 86' lang='lat' dir='ltr'><strong>quaerenda</strong></span> <span class='ocrx_word' id='word_1_144' title='bbox 1430 951 1479 976; x_wconf 88' lang='lat' dir='ltr'><strong>est</strong></span> <span class='ocrx_word' id='word_1_145' title='bbox 1506 943 1556 986; x_wconf 88' lang='lat' dir='ltr'><strong>(v.</strong></span> <span class='ocrx_word' id='word_1_146' title='bbox 1580 954 1712 976; x_wconf 90' lang='lat' dir='ltr'><strong>numum</strong></span> <span class='ocrx_word' id='word_1_147' title='bbox 1733 932 1984 975; x_wconf 68' lang='lat' dir='ltr'><strong>Heracleensem</strong></span> 
     </span>
     <span class='ocr_line' id='line_1_12' title="bbox 358 996 1930 1048; baseline -0.006 -10"><span class='ocrx_word' id='word_1_148' title='bbox 358 1005 418 1038; x_wconf 89' lang='lat' dir='ltr'><strong>litt.</strong></span> <span class='ocrx_word' id='word_1_149' title='bbox 441 1006 505 1047; x_wconf 86' lang='lat' dir='ltr'><strong>F),</strong></span> <span class='ocrx_word' id='word_1_150' title='bbox 539 1005 623 1048; x_wconf 89' lang='lat' dir='ltr'><strong>apud</strong></span> <span class='ocrx_word' id='word_1_151' title='bbox 647 1003 788 1035; x_wconf 86' lang='lat' dir='ltr'><strong>Graecos</strong></span> <span class='ocrx_word' id='word_1_152' title='bbox 810 1004 844 1034; x_wconf 90' lang='lat' dir='ltr'><strong>in</strong></span> <span class='ocrx_word' id='word_1_153' title='bbox 867 1003 1023 1044; x_wconf 86' lang='lat' dir='ltr'><strong>scriptura</strong></span> <span class='ocrx_word' id='word_1_154' title='bbox 1045 1000 1287 1044; x_wconf 78' lang='grc' dir='ltr'><em>βουστροφηδὸν</em></span> <span class='ocrx_word' id='word_1_155' title='bbox 1307 1008 1467 1032; x_wconf 86' lang='lat' dir='ltr'><strong>currente.</strong></span> <span class='ocrx_word' id='word_1_156' title='bbox 1927 996 1930 1010; x_wconf 71' lang='grc'>”</span> 
     </span>
    </p>
   </div>
   <div class='ocr_carea' id='block_1_6' title="bbox 358 1079 1999 2655">
    <p class='ocr_par' dir='ltr' id='par_1_6' title="bbox 359 1079 1983 1242">
     <span class='ocr_line' id='line_1_13' title="bbox 487 1079 1983 1128; baseline -0.005 -9"><span class='ocrx_word' id='word_1_157' title='bbox 487 1091 519 1119; x_wconf 84' lang='lat'><strong>4.</strong></span> <span class='ocrx_word' id='word_1_158' title='bbox 567 1086 674 1128; x_wconf 78' lang='lat' dir='ltr'><strong>Caput</strong></span> <span class='ocrx_word' id='word_1_159' title='bbox 704 1084 861 1116; x_wconf 61' lang='lat' dir='ltr'><strong>Hercules</strong></span> <span class='ocrx_word' id='word_1_160' title='bbox 889 1082 1051 1121; x_wconf 70' lang='grc' dir='ltr'><strong>ι’,ηιόενῠε</strong></span> <span class='ocrx_word' id='word_1_161' title='bbox 1084 1083 1176 1125; x_wconf 80' lang='lat' dir='ltr'><strong>pelle</strong></span> <span class='ocrx_word' id='word_1_162' title='bbox 1207 1083 1356 1115; x_wconf 74' lang='lat' dir='ltr'><strong>leonina</strong></span> <span class='ocrx_word' id='word_1_163' title='bbox 1377 1084 1497 1114; x_wconf 69' lang='lat' dir='ltr'><strong>tectu-u</strong></span> <span class='ocrx_word' id='word_1_164' title='bbox 1527 1081 1572 1113; x_wconf 86' lang='lat' dir='ltr'><strong>ad</strong></span> <span class='ocrx_word' id='word_1_165' title='bbox 1599 1082 1763 1114; x_wconf 67' lang='lat' dir='ltr'><strong>dextras·-</strong></span> <span class='ocrx_word' id='word_1_166' title='bbox 1802 1080 1828 1123; x_wconf 92' lang='lat'><strong>)(</strong></span> <span class='ocrx_word' id='word_1_167' title='bbox 1875 1079 1983 1124; x_wconf 70' lang='lat' dir='ltr'><strong>Caput</strong></span> 
     </span>
     <span class='ocr_line' id='line_1_14' title="bbox 361 1136 1982 1187; baseline -0.004 -11"><span class='ocrx_word' id='word_1_168' title='bbox 361 1148 439 1187; x_wconf 76' lang='lat' dir='ltr'><strong>equi</strong></span> <span class='ocrx_word' id='word_1_169' title='bbox 466 1143 511 1175; x_wconf 83' lang='lat' dir='ltr'><strong>ad</strong></span> <span class='ocrx_word' id='word_1_170' title='bbox 531 1146 613 1181; x_wconf 63' lang='lat' dir='ltr'><strong>sin„</strong></span> <span class='ocrx_word' id='word_1_171' title='bbox 646 1145 724 1173; x_wconf 77' lang='lat' dir='ltr'><strong>ante</strong></span> <span class='ocrx_word' id='word_1_172' title='bbox 746 1140 907 1172; x_wconf 80' lang='lat' dir='ltr'><strong>caduceue</strong></span> <span class='ocrx_word' id='word_1_173' title='bbox 929 1140 984 1180; x_wconf 89' lang='lat' dir='ltr'><strong>(in</strong></span> <span class='ocrx_word' id='word_1_174' title='bbox 1008 1138 1081 1171; x_wconf 88' lang='lat' dir='ltr'><strong>aliis</strong></span> <span class='ocrx_word' id='word_1_175' title='bbox 1103 1138 1214 1177; x_wconf 87' lang='lat' dir='ltr'><strong>clava,</strong></span> <span class='ocrx_word' id='word_1_176' title='bbox 1247 1148 1328 1180; x_wconf 84' lang='lat' dir='ltr'><strong>quae</strong></span> <span class='ocrx_word' id='word_1_177' title='bbox 1343 1144 1375 1171; x_wconf 89' lang='lat' dir='ltr'><strong>et</strong></span> <span class='ocrx_word' id='word_1_178' title='bbox 1389 1138 1458 1180; x_wconf 85' lang='lat' dir='ltr'><strong>ipsa</strong></span> <span class='ocrx_word' id='word_1_179' title='bbox 1472 1136 1512 1169; x_wconf 89' lang='lat' dir='ltr'><strong>ab</strong></span> <span class='ocrx_word' id='word_1_180' title='bbox 1528 1136 1610 1170; x_wconf 84' lang='lat' dir='ltr'><strong>aliis</strong></span> <span class='ocrx_word' id='word_1_181' title='bbox 1617 1137 1747 1179; x_wconf 86' lang='lat' dir='ltr'><strong>abest),</strong></span> <span class='ocrx_word' id='word_1_182' title='bbox 1761 1147 1850 1179; x_wconf 75' lang='lat' dir='ltr'><strong>pone</strong></span> <span class='ocrx_word' id='word_1_183' title='bbox 1858 1136 1982 1180; x_wconf 73' lang='lat' dir='ltr'><strong>palum.</strong></span> 
     </span>
     <span class='ocr_line' id='line_1_15' title="bbox 359 1164 662 1242; baseline -0.014 -9"><span class='ocrx_word' id='word_1_184' title='bbox 359 1200 447 1233; x_wconf 80' lang='lat' dir='ltr'><strong>Infra</strong></span> <span class='ocrx_word' id='word_1_185' title='bbox 473 1164 662 1242; x_wconf 82' lang='lat' dir='ltr'><strong>epigraphe.</strong></span> 
     </span>
    </p>

    <p class='ocr_par' dir='ltr' id='par_1_7' title="bbox 1109 1244 1231 1271">
     <span class='ocr_line' id='line_1_16' title="bbox 1109 1244 1231 1271; baseline -0.016 0"><span class='ocrx_word' id='word_1_186' title='bbox 1109 1244 1231 1271; x_wconf 50' lang='lat' dir='ltr'><strong>new-m</strong></span> 
     </span>
    </p>

    <p class='ocr_par' dir='ltr' id='par_1_8' title="bbox 358 1295 1999 2655">
     <span class='ocr_line' id='line_1_17' title="bbox 489 1295 1985 1356; baseline -0.002 -8"><span class='ocrx_word' id='word_1_187' title='bbox 489 1316 575 1350; x_wconf 83' lang='lat' dir='ltr'><strong>Vide</strong></span> <span class='ocrx_word' id='word_1_188' title='bbox 604 1315 663 1348; x_wconf 86' lang='lat' dir='ltr'><strong>litt.</strong></span> <span class='ocrx_word' id='word_1_189' title='bbox 692 1314 726 1348; x_wconf 87' lang='grc' dir='ltr'>Κ</span> <span class='ocrx_word' id='word_1_190' title='bbox 753 1325 794 1347; x_wconf 88' lang='lat' dir='ltr'><strong>ex</strong></span> <span class='ocrx_word' id='word_1_191' title='bbox 824 1313 940 1347; x_wconf 86' lang='lat' dir='ltr'><strong>Museo</strong></span> <span class='ocrx_word' id='word_1_192' title='bbox 970 1295 1177 1354; x_wconf 65' lang='lat' dir='ltr'><strong>Britannico,</strong></span> <span class='ocrx_word' id='word_1_193' title='bbox 1214 1314 1248 1345; x_wconf 88' lang='lat' dir='ltr'><strong>in</strong></span> <span class='ocrx_word' id='word_1_194' title='bbox 1277 1323 1340 1356; x_wconf 89' lang='lat' dir='ltr'><strong>quo</strong></span> <span class='ocrx_word' id='word_1_195' title='bbox 1369 1313 1432 1344; x_wconf 90' lang='lat' dir='ltr'><strong>tria</strong></span> <span class='ocrx_word' id='word_1_196' title='bbox 1470 1313 1539 1344; x_wconf 87' lang='lat' dir='ltr'><strong>eius</strong></span> <span class='ocrx_word' id='word_1_197' title='bbox 1575 1311 1725 1355; x_wconf 83' lang='lat' dir='ltr'><strong>exempla</strong></span> <span class='ocrx_word' id='word_1_198' title='bbox 1759 1318 1908 1352; x_wconf 84' lang='lat' dir='ltr'><strong>exstant,</strong></span> <span class='ocrx_word' id='word_1_199' title='bbox 1944 1310 1985 1345; x_wconf 73' lang='grc' dir='ltr'><strong>οἰ.</strong></span> 
     </span>
     <span class='ocr_line' id='line_1_18' title="bbox 358 1366 1986 1414; baseline -0.004 -8"><span class='ocrx_word' id='word_1_200' title='bbox 358 1374 485 1407; x_wconf 86' lang='lat' dir='ltr'><strong>Dutens</strong></span> <span class='ocrx_word' id='word_1_201' title='bbox 515 1373 591 1405; x_wconf 84' lang='lat' dir='ltr'><strong>diss.</strong></span> <span class='ocrx_word' id='word_1_202' title='bbox 613 1375 633 1403; x_wconf 85' lang='lat'><strong>2</strong></span> <span class='ocrx_word' id='word_1_203' title='bbox 664 1370 706 1414; x_wconf 90' lang='lat' dir='ltr'><strong>pl.</strong></span> <span class='ocrx_word' id='word_1_204' title='bbox 730 1375 749 1403; x_wconf 89' lang='lat'><strong>2</strong></span> <span class='ocrx_word' id='word_1_205' title='bbox 780 1382 832 1403; x_wconf 90' lang='lat' dir='ltr'><strong>no.</strong></span> <span class='ocrx_word' id='word_1_206' title='bbox 856 1374 886 1402; x_wconf 88' lang='lat'><strong>2.</strong></span> <span class='ocrx_word' id='word_1_207' title='bbox 917 1369 1065 1403; x_wconf 87' lang='lat' dir='ltr'><strong>Mionnet</strong></span> <span class='ocrx_word' id='word_1_208' title='bbox 1088 1370 1103 1402; x_wconf 87' lang='lat'>1</span> <span class='ocrx_word' id='word_1_209' title='bbox 1125 1382 1152 1413; x_wconf 86' lang='lat' dir='ltr'><strong>p.</strong></span> <span class='ocrx_word' id='word_1_210' title='bbox 1174 1372 1255 1409; x_wconf 80' lang='lat'><strong>269,</strong></span> <span class='ocrx_word' id='word_1_211' title='bbox 1285 1380 1337 1402; x_wconf 88' lang='lat' dir='ltr'><strong>no.</strong></span> <span class='ocrx_word' id='word_1_212' title='bbox 1359 1371 1432 1401; x_wconf 84' lang='lat'><strong>495.</strong></span> <span class='ocrx_word' id='word_1_213' title='bbox 1455 1370 1538 1409; x_wconf 81' lang='lat'><strong>497,</strong></span> <span class='ocrx_word' id='word_1_214' title='bbox 1576 1368 1641 1400; x_wconf 88' lang='lat' dir='ltr'><strong>tab.</strong></span> <span class='ocrx_word' id='word_1_215' title='bbox 1665 1371 1718 1407; x_wconf 87' lang='lat'><strong>20,</strong></span> <span class='ocrx_word' id='word_1_216' title='bbox 1738 1371 1788 1401; x_wconf 88' lang='grc'><strong>19.</strong></span> <span class='ocrx_word' id='word_1_217' title='bbox 1818 1366 1986 1412; x_wconf 72' lang='lat' dir='ltr'><strong>Lindberg</strong></span> 
     </span>
     <span class='ocr_line' id='line_1_19' title="bbox 359 1424 1993 1474; baseline -0.003 -12"><span class='ocrx_word' id='word_1_218' title='bbox 359 1443 389 1474; x_wconf 90' lang='lat' dir='ltr'><strong>p.</strong></span> <span class='ocrx_word' id='word_1_219' title='bbox 409 1433 471 1468; x_wconf 84' lang='lat'><strong>47,</strong></span> <span class='ocrx_word' id='word_1_220' title='bbox 495 1430 642 1471; x_wconf 87' lang='lat' dir='ltr'><strong>quivero</strong></span> <span class='ocrx_word' id='word_1_221' title='bbox 657 1428 854 1472; x_wconf 80' lang='lat' dir='ltr'><strong>epigraphen</strong></span> <span class='ocrx_word' id='word_1_222' title='bbox 874 1438 978 1470; x_wconf 90' lang='lat' dir='ltr'><strong>neque</strong></span> <span class='ocrx_word' id='word_1_223' title='bbox 995 1427 1067 1459; x_wconf 91' lang='lat' dir='ltr'><strong>loco</strong></span> <span class='ocrx_word' id='word_1_224' title='bbox 1090 1427 1130 1459; x_wconf 89' lang='lat' dir='ltr'><strong>ab</strong></span> <span class='ocrx_word' id='word_1_225' title='bbox 1153 1428 1223 1469; x_wconf 78' lang='lat' dir='ltr'><strong>ipso</strong></span> <span class='ocrx_word' id='word_1_226' title='bbox 1246 1427 1341 1458; x_wconf 87' lang='lat' dir='ltr'><strong>citato</strong></span> <span class='ocrx_word' id='word_1_227' title='bbox 1366 1447 1389 1464; x_wconf 94' lang='lat'><strong>„</strong></span> <span class='ocrx_word' id='word_1_228' title='bbox 1399 1424 1464 1459; x_wconf 84' lang='lat' dir='ltr'><strong>tab.</strong></span> <span class='ocrx_word' id='word_1_229' title='bbox 1486 1424 1546 1465; x_wconf 86' lang='lat' dir='ltr'><strong>vl,</strong></span> <span class='ocrx_word' id='word_1_230' title='bbox 1566 1428 1636 1464; x_wconf 81' lang='grc'><strong>2“,</strong></span> <span class='ocrx_word' id='word_1_231' title='bbox 1660 1435 1763 1468; x_wconf 86' lang='lat' dir='ltr'><strong>neque</strong></span> <span class='ocrx_word' id='word_1_232' title='bbox 1787 1424 1866 1457; x_wconf 86' lang='lat' dir='ltr'><strong>alibi</strong></span> <span class='ocrx_word' id='word_1_233' title='bbox 1887 1424 1993 1459; x_wconf 66' lang='lat' dir='ltr'><strong>dedit„</strong></span> 
     </span>
     <span class='ocr_line' id='line_1_20' title="bbox 359 1481 1985 1528; baseline -0.004 -10"><span class='ocrx_word' id='word_1_234' title='bbox 359 1487 395 1519; x_wconf 90' lang='lat' dir='ltr'><strong>ln</strong></span> <span class='ocrx_word' id='word_1_235' title='bbox 420 1488 558 1528; x_wconf 92' lang='lat' dir='ltr'><strong>quinque</strong></span> <span class='ocrx_word' id='word_1_236' title='bbox 581 1484 645 1515; x_wconf 87' lang='lat' dir='ltr'><strong>illis</strong></span> <span class='ocrx_word' id='word_1_237' title='bbox 669 1483 784 1516; x_wconf 84' lang='lat' dir='ltr'><strong>litteris</strong></span> <span class='ocrx_word' id='word_1_238' title='bbox 807 1495 882 1527; x_wconf 89' lang='lat' dir='ltr'><strong>prae</strong></span> <span class='ocrx_word' id='word_1_239' title='bbox 905 1485 1021 1516; x_wconf 88' lang='lat' dir='ltr'><strong>ceteris</strong></span> <span class='ocrx_word' id='word_1_240' title='bbox 1044 1491 1156 1526; x_wconf 87' lang='lat' dir='ltr'><strong>quarta</strong></span> <span class='ocrx_word' id='word_1_241' title='bbox 1179 1482 1277 1515; x_wconf 85' lang='lat' dir='ltr'><strong>dubia</strong></span> <span class='ocrx_word' id='word_1_242' title='bbox 1299 1493 1370 1514; x_wconf 84' lang='lat' dir='ltr'><strong>esse</strong></span> <span class='ocrx_word' id='word_1_243' title='bbox 1393 1489 1506 1524; x_wconf 87' lang='lat' dir='ltr'><strong>potest,</strong></span> <span class='ocrx_word' id='word_1_244' title='bbox 1530 1492 1623 1524; x_wconf 89' lang='lat' dir='ltr'><strong>quarn</strong></span> <span class='ocrx_word' id='word_1_245' title='bbox 1638 1481 1725 1514; x_wconf 72' lang='lat' dir='ltr'><strong>Beth</strong></span> <span class='ocrx_word' id='word_1_246' title='bbox 1747 1491 1819 1514; x_wconf 82' lang='lat' dir='ltr'><strong>esse</strong></span> <span class='ocrx_word' id='word_1_247' title='bbox 1842 1487 1985 1517; x_wconf 75' lang='lat' dir='ltr'><strong>statuunt</strong></span> 
     </span>
     <span class='ocr_line' id='line_1_21' title="bbox 358 1537 1982 1584; baseline -0.004 -10"><span class='ocrx_word' id='word_1_248' title='bbox 358 1542 576 1584; x_wconf 85' lang='lat' dir='ltr'><strong>Lindbergius</strong></span> <span class='ocrx_word' id='word_1_249' title='bbox 605 1541 627 1573; x_wconf 92' lang='lat' dir='ltr'><strong>l.</strong></span> <span class='ocrx_word' id='word_1_250' title='bbox 651 1553 677 1573; x_wconf 90' lang='lat' dir='ltr'><strong>c.</strong></span> <span class='ocrx_word' id='word_1_251' title='bbox 706 1550 737 1573; x_wconf 88' lang='lat' dir='ltr'><strong>et</strong></span> <span class='ocrx_word' id='word_1_252' title='bbox 766 1541 972 1573; x_wconf 88' lang='lat' dir='ltr'><strong>Hamakerus</strong></span> <span class='ocrx_word' id='word_1_253' title='bbox 1001 1539 1160 1580; x_wconf 83' lang='lat' dir='ltr'><strong>(Miscell.</strong></span> <span class='ocrx_word' id='word_1_254' title='bbox 1190 1539 1290 1580; x_wconf 82' lang='lat'><strong>138),</strong></span> <span class='ocrx_word' id='word_1_255' title='bbox 1325 1549 1420 1581; x_wconf 90' lang='lat' dir='ltr'><strong>quum</strong></span> <span class='ocrx_word' id='word_1_256' title='bbox 1449 1539 1551 1570; x_wconf 83' lang='lat' dir='ltr'><strong>cauda</strong></span> <span class='ocrx_word' id='word_1_257' title='bbox 1581 1539 1651 1569; x_wconf 90' lang='lat' dir='ltr'><strong>eius</strong></span> <span class='ocrx_word' id='word_1_258' title='bbox 1674 1538 1756 1580; x_wconf 88' lang='lat' dir='ltr'><strong>apud</strong></span> <span class='ocrx_word' id='word_1_259' title='bbox 1778 1537 1982 1569; x_wconf 88' lang='lat' dir='ltr'><strong>Mionnetum</strong></span> 
     </span>
     <span class='ocr_line' id='line_1_22' title="bbox 359 1592 1982 1642; baseline -0.004 -12"><span class='ocrx_word' id='word_1_260' title='bbox 359 1597 535 1642; x_wconf 77' lang='lat' dir='ltr'><strong>paullulum</strong></span> <span class='ocrx_word' id='word_1_261' title='bbox 574 1598 776 1630; x_wconf 77' lang='lat' dir='ltr'><strong>dextrorsum</strong></span> <span class='ocrx_word' id='word_1_262' title='bbox 808 1596 929 1628; x_wconf 84' lang='lat' dir='ltr'><strong>inflexa</strong></span> <span class='ocrx_word' id='word_1_263' title='bbox 965 1598 1018 1628; x_wconf 83' lang='lat' dir='ltr'><strong>sit.</strong></span> <span class='ocrx_word' id='word_1_264' title='bbox 1069 1595 1160 1634; x_wconf 83' lang='lat' dir='ltr'><strong>Quae</strong></span> <span class='ocrx_word' id='word_1_265' title='bbox 1195 1595 1270 1626; x_wconf 91' lang='lat' dir='ltr'><strong>inde</strong></span> <span class='ocrx_word' id='word_1_266' title='bbox 1301 1594 1425 1637; x_wconf 83' lang='lat' dir='ltr'><strong>prodit,</strong></span> <span class='ocrx_word' id='word_1_267' title='bbox 1457 1594 1552 1626; x_wconf 89' lang='lat' dir='ltr'><strong>lectio</strong></span> <span class='ocrx_word' id='word_1_268' title='bbox 1582 1601 1722 1633; x_wconf 63' lang='lat' dir='ltr'><strong>namu-172,</strong></span> <span class='ocrx_word' id='word_1_269' title='bbox 1759 1604 1831 1625; x_wconf 81' lang='lat' dir='ltr'><strong>eam</strong></span> <span class='ocrx_word' id='word_1_270' title='bbox 1861 1592 1982 1625; x_wconf 82' lang='lat' dir='ltr'><strong>Hama-</strong></span> 
     </span>
     <span class='ocr_line' id='line_1_23' title="bbox 359 1649 1983 1702; baseline -0.004 -15"><span class='ocrx_word' id='word_1_271' title='bbox 359 1656 457 1688; x_wconf 85' lang='lat' dir='ltr'><strong>kerus</strong></span> <span class='ocrx_word' id='word_1_272' title='bbox 481 1656 599 1701; x_wconf 50' lang='lat' dir='ltr'><strong>usqua,</strong></span> <span class='ocrx_word' id='word_1_273' title='bbox 622 1656 706 1696; x_wconf 88' lang='lat' dir='ltr'><strong>(imo</strong></span> <span class='ocrx_word' id='word_1_274' title='bbox 729 1654 885 1702; x_wconf 52' lang='lat' dir='ltr'><strong>naug‘ryq),</strong></span> <span class='ocrx_word' id='word_1_275' title='bbox 909 1652 931 1684; x_wconf 91' lang='lat' dir='ltr'><strong>l.</strong></span> <span class='ocrx_word' id='word_1_276' title='bbox 947 1654 1066 1699; x_wconf 60' lang='grc' dir='ltr'>βξιτξιῃει</span> <span class='ocrx_word' id='word_1_277' title='bbox 1089 1652 1278 1695; x_wconf 86' lang='lat' dir='ltr'><strong>pronunciat</strong></span> <span class='ocrx_word' id='word_1_278' title='bbox 1299 1657 1331 1681; x_wconf 89' lang='lat' dir='ltr'><strong>et</strong></span> <span class='ocrx_word' id='word_1_279' title='bbox 1353 1651 1393 1682; x_wconf 89' lang='lat' dir='ltr'><strong>ad</strong></span> <span class='ocrx_word' id='word_1_280' title='bbox 1415 1650 1567 1692; x_wconf 67' lang='lat' dir='ltr'><strong>Aapae‘den</strong></span> <span class='ocrx_word' id='word_1_281' title='bbox 1587 1650 1718 1682; x_wconf 80' lang='lat' dir='ltr'><strong>Africae</strong></span> <span class='ocrx_word' id='word_1_282' title='bbox 1739 1650 1852 1682; x_wconf 87' lang='lat' dir='ltr'><strong>urbem</strong></span> <span class='ocrx_word' id='word_1_283' title='bbox 1873 1649 1983 1689; x_wconf 85' lang='lat' dir='ltr'><strong>trahit,</strong></span> 
     </span>
     <span class='ocr_line' id='line_1_24' title="bbox 362 1705 1997 1758; baseline -0.004 -15"><span class='ocrx_word' id='word_1_284' title='bbox 362 1723 455 1754; x_wconf 89' lang='lat' dir='ltr'><strong>quam</strong></span> <span class='ocrx_word' id='word_1_285' title='bbox 478 1722 497 1742; x_wconf 90' lang='lat' dir='ltr'><strong>a</strong></span> <span class='ocrx_word' id='word_1_286' title='bbox 520 1710 637 1742; x_wconf 83' lang='lat' dir='ltr'><strong>Poenis</strong></span> <span class='ocrx_word' id='word_1_287' title='bbox 659 1715 732 1758; x_wconf 63' lang='lat'><strong>:2233</strong></span> <span class='ocrx_word' id='word_1_288' title='bbox 755 1726 800 1739; x_wconf 95' lang='lat'><strong><em>=</em></strong></span> <span class='ocrx_word' id='word_1_289' title='bbox 821 1715 933 1754; x_wconf 56' lang='grc' dir='ltr'><strong>ψὶῤ</strong></span> <span class='ocrx_word' id='word_1_290' title='bbox 958 1719 1107 1751; x_wconf 66' lang='lat' dir='ltr'><strong>asperam</strong></span> <span class='ocrx_word' id='word_1_291' title='bbox 1129 1708 1246 1740; x_wconf 87' lang='lat' dir='ltr'><strong>dictam</strong></span> <span class='ocrx_word' id='word_1_292' title='bbox 1266 1707 1367 1739; x_wconf 76' lang='lat' dir='ltr'><strong>fuisse</strong></span> <span class='ocrx_word' id='word_1_293' title='bbox 1389 1707 1539 1745; x_wconf 86' lang='lat' dir='ltr'><strong>coniicit,</strong></span> <span class='ocrx_word' id='word_1_294' title='bbox 1576 1717 1756 1749; x_wconf 86' lang='lat' dir='ltr'><strong>quanquam</strong></span> <span class='ocrx_word' id='word_1_295' title='bbox 1778 1716 1851 1738; x_wconf 88' lang='lat' dir='ltr'><strong>eam</strong></span> <span class='ocrx_word' id='word_1_296' title='bbox 1871 1705 1997 1738; x_wconf 59' lang='lat' dir='ltr'><strong>urbem&gt;</strong></span> 
     </span>
     <span class='ocr_line' id='line_1_25' title="bbox 361 1763 1985 1813; baseline -0.004 -12"><span class='ocrx_word' id='word_1_297' title='bbox 361 1770 401 1802; x_wconf 84' lang='lat' dir='ltr'><strong>ab</strong></span> <span class='ocrx_word' id='word_1_298' title='bbox 433 1769 629 1813; x_wconf 81' lang='lat' dir='ltr'><strong>Agathocle,</strong></span> <span class='ocrx_word' id='word_1_299' title='bbox 666 1769 896 1811; x_wconf 75' lang='lat' dir='ltr'><strong>Syracusarum</strong></span> <span class='ocrx_word' id='word_1_300' title='bbox 923 1776 1081 1810; x_wconf 85' lang='lat' dir='ltr'><strong>tyranno,</strong></span> <span class='ocrx_word' id='word_1_301' title='bbox 1117 1766 1276 1799; x_wconf 87' lang='lat' dir='ltr'><strong>conditam</strong></span> <span class='ocrx_word' id='word_1_302' title='bbox 1300 1776 1371 1798; x_wconf 82' lang='lat' dir='ltr'><strong>esse</strong></span> <span class='ocrx_word' id='word_1_303' title='bbox 1396 1772 1522 1797; x_wconf 75' lang='lat' dir='ltr'><strong>constat</strong></span> <span class='ocrx_word' id='word_1_304' title='bbox 1545 1763 1684 1807; x_wconf 87' lang='lat' dir='ltr'><strong>(Cellar.</strong></span> <span class='ocrx_word' id='word_1_305' title='bbox 1713 1763 1832 1808; x_wconf 83' lang='lat' dir='ltr'><strong>Geogr.</strong></span> <span class='ocrx_word' id='word_1_306' title='bbox 1854 1771 1918 1796; x_wconf 88' lang='lat' dir='ltr'><strong>ant.</strong></span> <span class='ocrx_word' id='word_1_307' title='bbox 1940 1763 1985 1805; x_wconf 85' lang='lat'><strong>11,</strong></span> 
     </span>
     <span class='ocr_line' id='line_1_26' title="bbox 361 1821 1986 1869; baseline -0.004 -11"><span class='ocrx_word' id='word_1_308' title='bbox 361 1838 391 1869; x_wconf 87' lang='lat' dir='ltr'><strong>p.</strong></span> <span class='ocrx_word' id='word_1_309' title='bbox 415 1829 473 1858; x_wconf 80' lang='lat'><strong>881</strong></span> <span class='ocrx_word' id='word_1_310' title='bbox 498 1827 599 1869; x_wconf 86' lang='lat' dir='ltr'><strong>sqq.):</strong></span> <span class='ocrx_word' id='word_1_311' title='bbox 639 1827 723 1869; x_wconf 92' lang='lat' dir='ltr'><strong>quod</strong></span> <span class='ocrx_word' id='word_1_312' title='bbox 751 1822 861 1857; x_wconf 88' lang='lat' dir='ltr'><strong>multis</strong></span> <span class='ocrx_word' id='word_1_313' title='bbox 889 1824 998 1858; x_wconf 86' lang='lat' dir='ltr'><strong>verbis</strong></span> <span class='ocrx_word' id='word_1_314' title='bbox 1025 1823 1172 1856; x_wconf 81' lang='lat' dir='ltr'><strong>refellere</strong></span> <span class='ocrx_word' id='word_1_315' title='bbox 1195 1824 1299 1866; x_wconf 86' lang='lat' dir='ltr'><strong>piget,</strong></span> <span class='ocrx_word' id='word_1_316' title='bbox 1330 1832 1401 1853; x_wconf 89' lang='lat' dir='ltr'><strong>cum</strong></span> <span class='ocrx_word' id='word_1_317' title='bbox 1427 1822 1516 1853; x_wconf 87' lang='lat' dir='ltr'><strong>numi</strong></span> <span class='ocrx_word' id='word_1_318' title='bbox 1538 1822 1629 1864; x_wconf 84' lang='lat' dir='ltr'><strong>origo</strong></span> <span class='ocrx_word' id='word_1_319' title='bbox 1651 1827 1684 1852; x_wconf 90' lang='lat' dir='ltr'><strong>et</strong></span> <span class='ocrx_word' id='word_1_320' title='bbox 1704 1821 1808 1863; x_wconf 84' lang='lat' dir='ltr'><strong>patria</strong></span> <span class='ocrx_word' id='word_1_321' title='bbox 1829 1831 1871 1853; x_wconf 84' lang='lat' dir='ltr'><strong>ex</strong></span> <span class='ocrx_word' id='word_1_322' title='bbox 1893 1822 1986 1853; x_wconf 80' lang='lat' dir='ltr'><strong>attri—</strong></span> 
     </span>
     <span class='ocr_line' id='line_1_27' title="bbox 361 1876 1986 1925; baseline -0.004 -11"><span class='ocrx_word' id='word_1_323' title='bbox 361 1883 447 1914; x_wconf 84' lang='lat' dir='ltr'><strong>butis</strong></span> <span class='ocrx_word' id='word_1_324' title='bbox 470 1890 501 1912; x_wconf 88' lang='lat' dir='ltr'><strong>et</strong></span> <span class='ocrx_word' id='word_1_325' title='bbox 525 1884 663 1913; x_wconf 86' lang='lat' dir='ltr'><strong>eximiae</strong></span> <span class='ocrx_word' id='word_1_326' title='bbox 686 1882 864 1925; x_wconf 86' lang='lat' dir='ltr'><strong>elegantiae</strong></span> <span class='ocrx_word' id='word_1_327' title='bbox 888 1881 1012 1913; x_wconf 86' lang='lat' dir='ltr'><strong>fabrica</strong></span> <span class='ocrx_word' id='word_1_328' title='bbox 1036 1888 1123 1912; x_wconf 89' lang='lat' dir='ltr'><strong>certa</strong></span> <span class='ocrx_word' id='word_1_329' title='bbox 1144 1882 1196 1912; x_wconf 90' lang='lat' dir='ltr'><strong>sit.</strong></span> <span class='ocrx_word' id='word_1_330' title='bbox 1250 1877 1320 1910; x_wconf 89' lang='lat' dir='ltr'><strong>Nec</strong></span> <span class='ocrx_word' id='word_1_331' title='bbox 1343 1879 1449 1910; x_wconf 90' lang='lat' dir='ltr'><strong>minus</strong></span> <span class='ocrx_word' id='word_1_332' title='bbox 1473 1876 1513 1909; x_wconf 87' lang='lat' dir='ltr'><strong>ab</strong></span> <span class='ocrx_word' id='word_1_333' title='bbox 1536 1877 1650 1909; x_wconf 91' lang='lat' dir='ltr'><strong>horum</strong></span> <span class='ocrx_word' id='word_1_334' title='bbox 1673 1887 1840 1909; x_wconf 87' lang='lat' dir='ltr'><strong>numorum</strong></span> <span class='ocrx_word' id='word_1_335' title='bbox 1862 1878 1986 1909; x_wconf 87' lang='lat' dir='ltr'><strong>ratione</strong></span> 
     </span>
     <span class='ocr_line' id='line_1_28' title="bbox 362 1933 1986 1982; baseline -0.003 -13"><span class='ocrx_word' id='word_1_336' title='bbox 362 1946 393 1970; x_wconf 87' lang='lat' dir='ltr'><strong>et</strong></span> <span class='ocrx_word' id='word_1_337' title='bbox 422 1938 652 1969; x_wconf 86' lang='lat' dir='ltr'><strong>consuetudine</strong></span> <span class='ocrx_word' id='word_1_338' title='bbox 684 1938 843 1976; x_wconf 85' lang='lat' dir='ltr'><strong>alienum,</strong></span> <span class='ocrx_word' id='word_1_339' title='bbox 878 1937 963 1980; x_wconf 83' lang='lat' dir='ltr'><strong>quod</strong></span> <span class='ocrx_word' id='word_1_340' title='bbox 993 1936 1212 1979; x_wconf 88' lang='lat' dir='ltr'><strong>Lindbergius</strong></span> <span class='ocrx_word' id='word_1_341' title='bbox 1240 1935 1352 1977; x_wconf 84' lang='lat' dir='ltr'><strong>fingit:</strong></span> <span class='ocrx_word' id='word_1_342' title='bbox 1393 1937 1513 1982; x_wconf 40' lang='lat' dir='ltr'><strong>navat-‚172³</strong></span> <span class='ocrx_word' id='word_1_343' title='bbox 1539 1933 1713 1976; x_wconf 69' lang='lat' dir='ltr'><strong>praefecto·</strong></span> <span class='ocrx_word' id='word_1_344' title='bbox 1737 1937 1887 1964; x_wconf 71' lang='lat' dir='ltr'><strong>monetae</strong></span> <span class='ocrx_word' id='word_1_345' title='bbox 1914 1934 1986 1975; x_wconf 90' lang='lat' dir='ltr'><strong>(pr.</strong></span> 
     </span>
     <span class='ocr_line' id='line_1_29' title="bbox 362 1989 1986 2034; baseline -0.004 -9"><span class='ocrx_word' id='word_1_346' title='bbox 362 1992 533 2034; x_wconf 84' lang='lat' dir='ltr'><strong>artifices).</strong></span> <span class='ocrx_word' id='word_1_347' title='bbox 557 2013 595 2018; x_wconf 86' lang='lat'>-</span> <span class='ocrx_word' id='word_1_348' title='bbox 619 1993 789 2025; x_wconf 83' lang='lat' dir='ltr'><strong>Praeterea</strong></span> <span class='ocrx_word' id='word_1_349' title='bbox 812 1996 908 2025; x_wconf 88' lang='lat' dir='ltr'><strong>etiam</strong></span> <span class='ocrx_word' id='word_1_350' title='bbox 930 1996 963 2025; x_wconf 91' lang='lat' dir='ltr'><strong>iu</strong></span> <span class='ocrx_word' id='word_1_351' title='bbox 983 1995 1078 2025; x_wconf 84' lang='lat' dir='ltr'><strong>tertia</strong></span> <span class='ocrx_word' id='word_1_352' title='bbox 1100 1992 1207 2024; x_wconf 89' lang='lat' dir='ltr'><strong>littera</strong></span> <span class='ocrx_word' id='word_1_353' title='bbox 1229 1990 1450 2023; x_wconf 86' lang='lat' dir='ltr'><strong>constituenda</strong></span> <span class='ocrx_word' id='word_1_354' title='bbox 1471 1989 1645 2022; x_wconf 84' lang='lat' dir='ltr'><strong>haeserunt</strong></span> <span class='ocrx_word' id='word_1_355' title='bbox 1665 1991 1866 2031; x_wconf 87' lang='lat' dir='ltr'><strong>interpretes,</strong></span> <span class='ocrx_word' id='word_1_356' title='bbox 1892 1999 1986 2031; x_wconf 77' lang='lat' dir='ltr'><strong>quam</strong></span> 
     </span>
     <span class='ocr_line' id='line_1_30' title="bbox 361 2045 1984 2088; baseline -0.004 -6"><span class='ocrx_word' id='word_1_357' title='bbox 361 2050 418 2082; x_wconf 88' lang='lat' dir='ltr'><strong>He</strong></span> <span class='ocrx_word' id='word_1_358' title='bbox 446 2060 516 2081; x_wconf 86' lang='lat' dir='ltr'><strong>esse</strong></span> <span class='ocrx_word' id='word_1_359' title='bbox 545 2051 655 2081; x_wconf 86' lang='lat' dir='ltr'><strong>statuit</strong></span> <span class='ocrx_word' id='word_1_360' title='bbox 682 2049 860 2082; x_wconf 89' lang='lat' dir='ltr'><strong>Dutensius</strong></span> <span class='ocrx_word' id='word_1_361' title='bbox 893 2050 932 2081; x_wconf 89' lang='lat' dir='ltr'><strong>de</strong></span> <span class='ocrx_word' id='word_1_362' title='bbox 955 2056 1030 2081; x_wconf 93' lang='lat' dir='ltr'><strong>noto</strong></span> <span class='ocrx_word' id='word_1_363' title='bbox 1053 2048 1273 2088; x_wconf 88' lang='lat' dir='ltr'><strong>Barthelemyi</strong></span> <span class='ocrx_word' id='word_1_364' title='bbox 1295 2057 1402 2078; x_wconf 87' lang='lat' dir='ltr'><strong>errore</strong></span> <span class='ocrx_word' id='word_1_365' title='bbox 1434 2047 1494 2086; x_wconf 91' lang='lat' dir='ltr'><strong>(de</strong></span> <span class='ocrx_word' id='word_1_366' title='bbox 1527 2057 1589 2088; x_wconf 89' lang='lat' dir='ltr'><strong>quo</strong></span> <span class='ocrx_word' id='word_1_367' title='bbox 1608 2046 1750 2078; x_wconf 87' lang='lat' dir='ltr'><strong>diximus</strong></span> <span class='ocrx_word' id='word_1_368' title='bbox 1770 2055 1824 2076; x_wconf 90' lang='lat' dir='ltr'><strong>no.</strong></span> <span class='ocrx_word' id='word_1_369' title='bbox 1846 2045 1905 2086; x_wconf 83' lang='lat'><strong>3),</strong></span> <span class='ocrx_word' id='word_1_370' title='bbox 1941 2055 1984 2076; x_wconf 84' lang='lat' dir='ltr'><strong>ex</strong></span> 
     </span>
     <span class='ocr_line' id='line_1_31' title="bbox 362 2099 1984 2148; baseline -0.004 -9"><span class='ocrx_word' id='word_1_371' title='bbox 362 2114 482 2141; x_wconf 65' lang='grc' dir='ltr'>υῆνιηυ</span> <span class='ocrx_word' id='word_1_372' title='bbox 501 2106 706 2138; x_wconf 77' lang='grc' dir='ltr'><strong>ΙηιαεΙιαναηι</strong></span> <span class='ocrx_word' id='word_1_373' title='bbox 722 2106 852 2138; x_wconf 87' lang='lat' dir='ltr'><strong>Siciliae</strong></span> <span class='ocrx_word' id='word_1_374' title='bbox 873 2105 1085 2148; x_wconf 78' lang='lat' dir='ltr'><strong>exsculpens:</strong></span> <span class='ocrx_word' id='word_1_375' title='bbox 1106 2105 1196 2136; x_wconf 62' lang='lat' dir='ltr'><strong>splen·</strong></span> <span class='ocrx_word' id='word_1_376' title='bbox 1211 2114 1283 2135; x_wconf 86' lang='lat' dir='ltr'><strong>esse</strong></span> <span class='ocrx_word' id='word_1_377' title='bbox 1301 2102 1432 2145; x_wconf 87' lang='lat' dir='ltr'><strong>putabat</strong></span> <span class='ocrx_word' id='word_1_378' title='bbox 1448 2102 1614 2144; x_wconf 82' lang='lat' dir='ltr'><strong>Koppius,</strong></span> <span class='ocrx_word' id='word_1_379' title='bbox 1633 2101 1782 2134; x_wconf 83' lang='lat' dir='ltr'><strong>Dutensii</strong></span> <span class='ocrx_word' id='word_1_380' title='bbox 1800 2099 1984 2143; x_wconf 77' lang='lat' dir='ltr'><strong>exemplum</strong></span> 
     </span>
     <span class='ocr_line' id='line_1_32' title="bbox 363 2157 1982 2205; baseline -0.004 -10"><span class='ocrx_word' id='word_1_381' title='bbox 363 2170 480 2198; x_wconf 63' lang='lat' dir='ltr'><strong>2:an7.)</strong></span> <span class='ocrx_word' id='word_1_382' title='bbox 514 2161 564 2192; x_wconf 91' lang='lat' dir='ltr'><strong>vel</strong></span> <span class='ocrx_word' id='word_1_383' title='bbox 597 2169 711 2197; x_wconf 55' lang='lat' dir='ltr'><strong>num-17:</strong></span> <span class='ocrx_word' id='word_1_384' title='bbox 735 2162 864 2205; x_wconf 88' lang='lat' dir='ltr'><strong>legens,</strong></span> <span class='ocrx_word' id='word_1_385' title='bbox 905 2163 944 2194; x_wconf 91' lang='lat' dir='ltr'><strong>de</strong></span> <span class='ocrx_word' id='word_1_386' title='bbox 967 2172 1029 2204; x_wconf 89' lang='lat' dir='ltr'><strong>quo</strong></span> <span class='ocrx_word' id='word_1_387' title='bbox 1053 2160 1291 2203; x_wconf 81' lang='lat' dir='ltr'><strong>interpretando</strong></span> <span class='ocrx_word' id='word_1_388' title='bbox 1313 2169 1411 2202; x_wconf 87' lang='lat' dir='ltr'><strong>quum</strong></span> <span class='ocrx_word' id='word_1_389' title='bbox 1433 2160 1503 2202; x_wconf 84' lang='lat' dir='ltr'><strong>ipse</strong></span> <span class='ocrx_word' id='word_1_390' title='bbox 1527 2160 1747 2201; x_wconf 75' lang='lat' dir='ltr'><strong>desperasset,</strong></span> <span class='ocrx_word' id='word_1_391' title='bbox 1775 2157 1982 2190; x_wconf 79' lang='lat' dir='ltr'><strong>Hamakerus</strong></span> 
     </span>
     <span class='ocr_line' id='line_1_33' title="bbox 363 2214 1985 2264; baseline -0.004 -13"><span class='ocrx_word' id='word_1_392' title='bbox 363 2218 442 2251; x_wconf 89' lang='lat' dir='ltr'><strong>illud</strong></span> <span class='ocrx_word' id='word_1_393' title='bbox 464 2226 577 2264; x_wconf 47' lang='lat'><strong>0773573</strong></span> <span class='ocrx_word' id='word_1_394' title='bbox 600 2218 841 2250; x_wconf 79' lang='lat' dir='ltr'><strong>Himeremium</strong></span> <span class='ocrx_word' id='word_1_395' title='bbox 862 2217 927 2261; x_wconf 87' lang='lat' dir='ltr'><strong>legi</strong></span> <span class='ocrx_word' id='word_1_396' title='bbox 949 2226 981 2250; x_wconf 87' lang='lat' dir='ltr'><strong>et</strong></span> <span class='ocrx_word' id='word_1_397' title='bbox 1002 2217 1157 2261; x_wconf 89' lang='lat' dir='ltr'><strong>explicari</strong></span> <span class='ocrx_word' id='word_1_398' title='bbox 1180 2227 1275 2260; x_wconf 76' lang='lat' dir='ltr'><strong>posse</strong></span> <span class='ocrx_word' id='word_1_399' title='bbox 1298 2216 1432 2247; x_wconf 80' lang='lat' dir='ltr'><strong>censuit.</strong></span> <span class='ocrx_word' id='word_1_400' title='bbox 1452 2234 1496 2240; x_wconf 90' lang='lat'>—</span> <span class='ocrx_word' id='word_1_401' title='bbox 1538 2214 1584 2246; x_wconf 94' lang='lat' dir='ltr'><strong>Ut</strong></span> <span class='ocrx_word' id='word_1_402' title='bbox 1606 2215 1645 2246; x_wconf 91' lang='lat' dir='ltr'><strong>de</strong></span> <span class='ocrx_word' id='word_1_403' title='bbox 1667 2214 1805 2246; x_wconf 89' lang='lat' dir='ltr'><strong>lectione</strong></span> <span class='ocrx_word' id='word_1_404' title='bbox 1825 2214 1985 2256; x_wconf 88' lang='lat' dir='ltr'><strong>quaestio-</strong></span> 
     </span>
     <span class='ocr_line' id='line_1_34' title="bbox 363 2270 1999 2317; baseline -0.004 -10"><span class='ocrx_word' id='word_1_405' title='bbox 363 2286 438 2308; x_wconf 85' lang='lat' dir='ltr'><strong>nem</strong></span> <span class='ocrx_word' id='word_1_406' title='bbox 459 2282 532 2306; x_wconf 86' lang='lat' dir='ltr'><strong>ante</strong></span> <span class='ocrx_word' id='word_1_407' title='bbox 556 2275 664 2306; x_wconf 83' lang='lat' dir='ltr'><strong>omnia</strong></span> <span class='ocrx_word' id='word_1_408' title='bbox 687 2275 909 2315; x_wconf 84' lang='lat' dir='ltr'><strong>expediamus,</strong></span> <span class='ocrx_word' id='word_1_409' title='bbox 933 2273 1089 2317; x_wconf 83' lang='lat' dir='ltr'><strong>exemplis</strong></span> <span class='ocrx_word' id='word_1_410' title='bbox 1109 2271 1372 2306; x_wconf 85' lang='lat' dir='ltr'><strong>Londinensibus</strong></span> <span class='ocrx_word' id='word_1_411' title='bbox 1392 2277 1424 2302; x_wconf 90' lang='lat' dir='ltr'><strong>et</strong></span> <span class='ocrx_word' id='word_1_412' title='bbox 1443 2271 1616 2303; x_wconf 70' lang='lat' dir='ltr'><strong>parisiensi</strong></span> <span class='ocrx_word' id='word_1_413' title='bbox 1629 2272 1716 2303; x_wconf 87' lang='lat' dir='ltr'><strong>inter</strong></span> <span class='ocrx_word' id='word_1_414' title='bbox 1730 2281 1765 2303; x_wconf 87' lang='lat' dir='ltr'><strong>se</strong></span> <span class='ocrx_word' id='word_1_415' title='bbox 1780 2270 1999 2311; x_wconf 85' lang='lat' dir='ltr'><strong>comparatis,-</strong></span> 
     </span>
     <span class='ocr_line' id='line_1_35' title="bbox 363 2319 1985 2372; baseline -0.004 -9"><span class='ocrx_word' id='word_1_416' title='bbox 363 2338 484 2363; x_wconf 81' lang='lat' dir='ltr'><strong>certum</strong></span> <span class='ocrx_word' id='word_1_417' title='bbox 499 2329 760 2372; x_wconf 89' lang='lat' dir='ltr'><strong>exploratumque</strong></span> <span class='ocrx_word' id='word_1_418' title='bbox 776 2337 834 2368; x_wconf 86' lang='lat' dir='ltr'><strong>est,</strong></span> <span class='ocrx_word' id='word_1_419' title='bbox 851 2319 976 2362; x_wconf 84' lang='lat' dir='ltr'><strong>tertiam</strong></span> <span class='ocrx_word' id='word_1_420' title='bbox 992 2331 1131 2362; x_wconf 88' lang='lat' dir='ltr'><strong>litteram</strong></span> <span class='ocrx_word' id='word_1_421' title='bbox 1147 2331 1251 2372; x_wconf 85' lang='lat' dir='ltr'><strong>(cuius</strong></span> <span class='ocrx_word' id='word_1_422' title='bbox 1266 2327 1402 2361; x_wconf 82' lang='lat' dir='ltr'><strong>caudula</strong></span> <span class='ocrx_word' id='word_1_423' title='bbox 1416 2327 1517 2359; x_wconf 90' lang='lat' dir='ltr'><strong>multo</strong></span> <span class='ocrx_word' id='word_1_424' title='bbox 1534 2328 1663 2360; x_wconf 88' lang='lat' dir='ltr'><strong>brevior</strong></span> <span class='ocrx_word' id='word_1_425' title='bbox 1679 2333 1728 2358; x_wconf 83' lang='lat' dir='ltr'><strong>est</strong></span> <span class='ocrx_word' id='word_1_426' title='bbox 1738 2336 1832 2369; x_wconf 88' lang='lat' dir='ltr'><strong>qnam</strong></span> <span class='ocrx_word' id='word_1_427' title='bbox 1849 2325 1985 2368; x_wconf 86' lang='lat' dir='ltr'><strong>primae)</strong></span> 
     </span>
     <span class='ocr_line' id='line_1_36' title="bbox 363 2381 1983 2428; baseline -0.004 -8"><span class='ocrx_word' id='word_1_428' title='bbox 363 2398 435 2420; x_wconf 81' lang='lat' dir='ltr'><strong>esse</strong></span> <span class='ocrx_word' id='word_1_429' title='bbox 464 2386 566 2418; x_wconf 65' lang='lat' dir='ltr'><strong>Salam</strong></span> <span class='ocrx_word' id='word_1_430' title='bbox 595 2386 681 2428; x_wconf 87' lang='lat' dir='ltr'><strong>(non</strong></span> <span class='ocrx_word' id='word_1_431' title='bbox 710 2385 835 2427; x_wconf 51' lang='lat' dir='ltr'><strong>Meno:</strong></span> <span class='ocrx_word' id='word_1_432' title='bbox 874 2397 976 2428; x_wconf 91' lang='lat' dir='ltr'><strong>neque</strong></span> <span class='ocrx_word' id='word_1_433' title='bbox 1001 2389 1107 2419; x_wconf 82' lang='lat' dir='ltr'><strong>minus</strong></span> <span class='ocrx_word' id='word_1_434' title='bbox 1135 2386 1229 2419; x_wconf 84' lang='lat' dir='ltr'><strong>nobis</strong></span> <span class='ocrx_word' id='word_1_435' title='bbox 1257 2394 1446 2428; x_wconf 83' lang='lat' dir='ltr'><strong>persuasum</strong></span> <span class='ocrx_word' id='word_1_436' title='bbox 1474 2391 1541 2423; x_wconf 87' lang='lat' dir='ltr'><strong>est,</strong></span> <span class='ocrx_word' id='word_1_437' title='bbox 1578 2390 1721 2427; x_wconf 79' lang='lat' dir='ltr'><strong>quartam</strong></span> <span class='ocrx_word' id='word_1_438' title='bbox 1756 2393 1828 2415; x_wconf 82' lang='lat' dir='ltr'><strong>esse</strong></span> <span class='ocrx_word' id='word_1_439' title='bbox 1863 2381 1983 2421; x_wconf 77' lang='lat' dir='ltr'><strong>Reech,</strong></span> 
     </span>
     <span class='ocr_line' id='line_1_37' title="bbox 364 2437 1985 2486; baseline -0.003 -11"><span class='ocrx_word' id='word_1_440' title='bbox 364 2454 460 2486; x_wconf 88' lang='lat' dir='ltr'><strong>quum</strong></span> <span class='ocrx_word' id='word_1_441' title='bbox 481 2444 515 2474; x_wconf 92' lang='lat' dir='ltr'><strong>in</strong></span> <span class='ocrx_word' id='word_1_442' title='bbox 537 2441 693 2484; x_wconf 86' lang='lat' dir='ltr'><strong>exemplis</strong></span> <span class='ocrx_word' id='word_1_443' title='bbox 715 2442 975 2474; x_wconf 85' lang='lat' dir='ltr'><strong>Londineusibus</strong></span> <span class='ocrx_word' id='word_1_444' title='bbox 998 2450 1029 2474; x_wconf 90' lang='lat' dir='ltr'><strong>et</strong></span> <span class='ocrx_word' id='word_1_445' title='bbox 1051 2444 1136 2486; x_wconf 86' lang='lat' dir='ltr'><strong>apud</strong></span> <span class='ocrx_word' id='word_1_446' title='bbox 1151 2442 1345 2475; x_wconf 84' lang='lat' dir='ltr'><strong>Dutensium</strong></span> <span class='ocrx_word' id='word_1_447' title='bbox 1361 2441 1493 2480; x_wconf 70' lang='lat' dir='ltr'><strong>caudam</strong></span> <span class='ocrx_word' id='word_1_448' title='bbox 1509 2448 1628 2473; x_wconf 87' lang='lat' dir='ltr'><strong>rectam</strong></span> <span class='ocrx_word' id='word_1_449' title='bbox 1644 2439 1780 2477; x_wconf 85' lang='lat' dir='ltr'><strong>habeat,</strong></span> <span class='ocrx_word' id='word_1_450' title='bbox 1805 2437 1985 2480; x_wconf 84' lang='lat' dir='ltr'><strong>paullulum</strong></span> 
     </span>
     <span class='ocr_line' id='line_1_38' title="bbox 363 2496 1983 2542; baseline -0.004 -11"><span class='ocrx_word' id='word_1_451' title='bbox 363 2499 518 2532; x_wconf 88' lang='lat' dir='ltr'><strong>inflexam</strong></span> <span class='ocrx_word' id='word_1_452' title='bbox 532 2499 658 2542; x_wconf 88' lang='lat' dir='ltr'><strong>quidem</strong></span> <span class='ocrx_word' id='word_1_453' title='bbox 675 2500 707 2530; x_wconf 90' lang='lat' dir='ltr'><strong>in</strong></span> <span class='ocrx_word' id='word_1_454' title='bbox 718 2497 941 2531; x_wconf 84' lang='lat' dir='ltr'><strong>Mionnetiano</strong></span> <span class='ocrx_word' id='word_1_455' title='bbox 956 2505 988 2529; x_wconf 90' lang='lat' dir='ltr'><strong>et</strong></span> <span class='ocrx_word' id='word_1_456' title='bbox 1002 2506 1083 2530; x_wconf 86' lang='lat' dir='ltr'><strong>teste</strong></span> <span class='ocrx_word' id='word_1_457' title='bbox 1098 2498 1296 2541; x_wconf 81' lang='lat' dir='ltr'><strong>Lindbergio</strong></span> <span class='ocrx_word' id='word_1_458' title='bbox 1313 2501 1347 2531; x_wconf 90' lang='lat' dir='ltr'><strong>in</strong></span> <span class='ocrx_word' id='word_1_459' title='bbox 1363 2499 1554 2536; x_wconf 87' lang='lat' dir='ltr'><strong>Hauniensi,</strong></span> <span class='ocrx_word' id='word_1_460' title='bbox 1577 2496 1661 2540; x_wconf 89' lang='lat' dir='ltr'><strong>quod</strong></span> <span class='ocrx_word' id='word_1_461' title='bbox 1676 2497 1783 2538; x_wconf 86' lang='lat' dir='ltr'><strong>ipsum</strong></span> <span class='ocrx_word' id='word_1_462' title='bbox 1797 2502 1903 2526; x_wconf 86' lang='lat' dir='ltr'><strong>tamen</strong></span> <span class='ocrx_word' id='word_1_463' title='bbox 1919 2504 1983 2526; x_wconf 89' lang='lat' dir='ltr'><strong>non</strong></span> 
     </span>
     <span class='ocr_line' id='line_1_39' title="bbox 364 2552 1984 2599; baseline -0.005 -10"><span class='ocrx_word' id='word_1_464' title='bbox 364 2558 513 2599; x_wconf 89' lang='lat' dir='ltr'><strong>impedit,</strong></span> <span class='ocrx_word' id='word_1_465' title='bbox 546 2557 715 2599; x_wconf 88' lang='lat' dir='ltr'><strong>quominus</strong></span> <span class='ocrx_word' id='word_1_466' title='bbox 745 2553 853 2586; x_wconf 67' lang='lat' dir='ltr'><strong>Rescla</strong></span> <span class='ocrx_word' id='word_1_467' title='bbox 881 2555 923 2586; x_wconf 88' lang='lat' dir='ltr'><strong>sit</strong></span> <span class='ocrx_word' id='word_1_468' title='bbox 951 2555 1002 2596; x_wconf 79' lang='lat' dir='ltr'><strong>(v-</strong></span> <span class='ocrx_word' id='word_1_469' title='bbox 1025 2566 1099 2597; x_wconf 86' lang='lat' dir='ltr'><strong>pag.</strong></span> <span class='ocrx_word' id='word_1_470' title='bbox 1128 2560 1169 2586; x_wconf 89' lang='grc'><strong>44</strong></span> <span class='ocrx_word' id='word_1_471' title='bbox 1197 2554 1255 2586; x_wconf 90' lang='lat' dir='ltr'><strong>lin.</strong></span> <span class='ocrx_word' id='word_1_472' title='bbox 1284 2557 1333 2587; x_wconf 88' lang='grc'><strong>31.</strong></span> <span class='ocrx_word' id='word_1_473' title='bbox 1364 2559 1404 2588; x_wconf 83' lang='grc'><strong>32</strong></span> <span class='ocrx_word' id='word_1_474' title='bbox 1435 2555 1514 2587; x_wconf 89' lang='lat' dir='ltr'><strong>adde</strong></span> <span class='ocrx_word' id='word_1_475' title='bbox 1543 2552 1651 2586; x_wconf 73' lang='lat' dir='ltr'><strong>Resch</strong></span> <span class='ocrx_word' id='word_1_476' title='bbox 1681 2553 1714 2584; x_wconf 92' lang='lat' dir='ltr'><strong>in</strong></span> <span class='ocrx_word' id='word_1_477' title='bbox 1744 2562 1841 2585; x_wconf 87' lang='lat' dir='ltr'><strong>numo</strong></span> <span class='ocrx_word' id='word_1_478' title='bbox 1873 2557 1984 2583; x_wconf 80' lang='lat' dir='ltr'><strong>nostro</strong></span> 
     </span>
     <span class='ocr_line' id='line_1_40' title="bbox 364 2606 1983 2655; baseline -0.004 -11"><span class='ocrx_word' id='word_1_479' title='bbox 364 2612 424 2644; x_wconf 86' lang='lat' dir='ltr'><strong>litt.</strong></span> <span class='ocrx_word' id='word_1_480' title='bbox 448 2613 517 2655; x_wconf 88' lang='grc' dir='ltr'><strong>Μ).</strong></span> <span class='ocrx_word' id='word_1_481' title='bbox 567 2613 763 2651; x_wconf 81' lang='lat' dir='ltr'><strong>Litterarum</strong></span> <span class='ocrx_word' id='word_1_482' title='bbox 785 2618 907 2646; x_wconf 47' lang='lat' dir='ltr'><strong>enimv:</strong></span> <span class='ocrx_word' id='word_1_483' title='bbox 930 2611 1226 2654; x_wconf 82' lang='lat' dir='ltr'><strong>interpretationem</strong></span> <span class='ocrx_word' id='word_1_484' title='bbox 1247 2612 1312 2644; x_wconf 86' lang='lat' dir='ltr'><strong>iam</strong></span> <span class='ocrx_word' id='word_1_485' title='bbox 1334 2609 1596 2654; x_wconf 85' lang='lat' dir='ltr'><strong>aggredientibus</strong></span> <span class='ocrx_word' id='word_1_486' title='bbox 1619 2608 1731 2649; x_wconf 82' lang='lat' dir='ltr'><strong>nobis,</strong></span> <span class='ocrx_word' id='word_1_487' title='bbox 1767 2608 1829 2640; x_wconf 85' lang='lat' dir='ltr'><strong>hoc</strong></span> <span class='ocrx_word' id='word_1_488' title='bbox 1849 2606 1983 2640; x_wconf 77' lang='lat' dir='ltr'><strong>firmiter</strong></span> 
     </span>
    </p>
   </div>
  </div>
 </body>
</html>
