2242 2976
369 242 446 280 444
508 240 641 274 Lmen
663 238 890 279 QUARTUS.
934 237 1002 270 ne.
1017 236 1190 271 LINGUA
1212 219 1468 271 rnoENlcut.
1511 236 1658 272 cum·
1680 238 1915 279 ammom.

500 339 529 368 2.
580 334 686 365 Etiam
710 331 894 364 nominibus
927 333 1064 374 propriis
1095 332 1286 375 quibusdam
1315 331 1469 365 articulus
1498 332 1701 376 praefigitur:
1738 341 1826 370 qm
1849 341 1883 367 et
1910 343 1998 369 -ι-ιιπ

373 391 497 429 Gades,
528 397 560 421 et
582 396 697 423 mrim-t
720 397 759 422 ω
786 398 873 420 num.
894 387 1045 420 Pauor-m.
1069 387 1099 420 G
1119 387 1235 431 (vulgo
1257 397 1345 422 mm:
1368 389 1444 430 υ),
1473 400 1536 432 qua
1557 390 1591 422 in
1612 400 1649 422 re
1666 389 1846 423 Phoenices
1862 391 1996 424 mum

371 447 476 491 legem
512 447 614 478 secuti
653 455 725 477 esse
763 444 912 476 videntur
942 451 1037 488 atque
1080 444 1223 477 Hebraei
1256 444 1362 488 (Lgb.
1393 447 1424 485 9.
1454 447 1516 478 167
1526 445 1549 487 ).
1609 445 1659 478 De
1690 445 1832 489 elliptioo
1861 447 1999 490 quodam

371 502 497 535 articuli
527 513 604 541 usu,
640 513 704 545 quo
733 509 819 535 ¹129&
850 499 1001 540 ὃ.δοῦλος
1030 501 1146 533 dicitur
1173 512 1233 544 pro
1255 502 1367 540 δοῦλος
1387 504 1471 535 θεῶν
1492 502 1566 535 vide
1588 513 1670 546 qnae
1694 502 1939 536 observavimus
1958 503 2008 537 d·

373 559 436 591 cit.
461 562 510 591 23.
533 562 574 591 24
605 570 635 602 p.
660 561 731 591 149.
754 561 829 591 150.

1131 627 1159 666 ᾗ.
1189 629 1242 658 42.

505 697 533 726 1.
581 693 770 727 Genieivuu·
808 693 987 727 Phoenices
1020 693 1071 726 vel
1106 693 1139 736 a)
1169 700 1254 726 statu
1293 698 1476 726 constructo
1514 694 1658 726 indicant
1694 692 1754 736 (de
1782 693 1873 725 cuius
1899 691 2004 725 form

376 752 587 783 contractiore
611 752 684 783 vide
705 753 734 791 9.
755 753 808 791 37,
835 751 890 792 1),
929 750 982 783 vel
1013 750 1047 792 b)
1069 760 1096 784 m
1118 749 1225 782 littera
1247 751 1270 782 i.
1295 761 1324 781 e.
1347 751 1535 793 pronomine
1556 748 1712 790 relativo,
1742 755 1777 781 ut
1796 747 1951 782 Chaldaei
1972 754 2006 790 et

375 808 449 849 Syri
477 806 595 840 Daleth
624 806 772 851 praefixo
801 808 850 849 (v.
873 806 1021 850 exempla
1042 819 1073 850 p.
1096 807 1199 850 356),
1230 805 1282 838 vel
1304 807 1442 849 denique
1479 808 1511 849 c)
1533 807 1580 842 ἐυ
1610 808 1665 848 (ut
1687 807 1772 850 apud
1794 803 2004 848 Rabbinos),

374 865 458 907 quod
482 871 586 896 ortum
610 872 659 896 est
679 875 721 896 ex
744 865 762 904 b,
788 867 876 913 Ἷιύις.
900 862 1044 903 Num.6,
1063 867 1091 896 1.
1107 866 1199 903 7,1.
1244 861 1527 906 Reperituretiam
1548 873 1601 903 η,
1626 865 1754 907 signum
1769 863 1904 907 genitivi
1918 860 2003 905 apud

375 920 486 963 Syros,
510 922 544 952 in
567 931 599 952 n.
614 931 662 964 pr.
682 919 816 962 Syriaco
841 922 1102 956 &hm-”wenti
1126 918 1189 952 Cit.
1213 923 1244 958 8,
1260 923 1292 960 2,
1315 920 1371 951 sed
1394 920 1469 952 inde
1491 918 1575 952 effici
1599 931 1663 952 non
1682 926 1806 964 potest,
1837 918 1899 951 hoc
1918 918 2002 961 apud

375 977 554 1009 Phoenices
575 978 725 1009 usitatum
748 976 859 1009 fuisse.
903 976 999 1015 Quod
1022 988 1098 1010 vero
1120 978 1229 1010 dicunt
1251 977 1269 1010 b
1292 978 1357 1019 Ἴδη
1382 987 1439 1008 rex
1463 976 1569 1019 populi
1592 976 1684 1015 alic„
1706 978 1738 1008 in
1762 986 1802 1008 eo
1825 986 1889 1008 non
1910 975 2008 1019 geni·

375 1035 459 1065 tivus
481 1041 547 1073 est,
577 1034 634 1066 sed
657 1034 785 1066 dativus
808 1035 858 1076 (v.
884 1035 924 1066 ad
947 1032 1077 1069 Nunnitl.
1101 1036 1116 1064 1
1141 1045 1171 1076 p.
1192 1033 1282 1074 199).
1308 1052 1347 1057 -
1378 1031 1562 1064 Genitivum
1578 1033 1700 1064 nomini
1714 1033 1844 1075 proprio
1859 1031 2001 1064 additum

377 1091 433 1131 (ut
454 1092 487 1122 in
510 1089 655 1133 Σάρεπτα
677 1094 733 1123 τοῦ
755 1091 915 1133 Σιδῶνος)
937 1089 1038 1127 habes
1060 1090 1093 1120 in
1117 1096 1190 1123 enm
1211 1085 1244 1121 ὐ
1269 1088 1447 1121 Panormus
1468 1087 1633 1128 Romana,
1670 1099 1757 1121 num.
1779 1088 1929 1121 Psnorm.

501 1179 532 1207 2.
577 1174 766 1207 Accusativi
787 1176 915 1217 signum
937 1180 987 1206 est
1008 1182 1054 1207 rm
1079 1173 1175 1215 (yth)
1199 1171 1324 1215 Tripol.
1342 1176 1373 1212 2,
1389 1175 1430 1212 3,
1460 1173 1544 1216 quod
1560 1173 1774 1216 praemittitur
1794 1172 2004 1207 substantivis

376 1230 493 1263 suffixo
515 1231 655 1264 definitis
679 1230 780 1264 Plaut.
804 1234 834 1269 1,
851 1233 881 1261 2.
900 1232 928 1262 3.
943 1232 975 1262 7.
993 1232 1031 1269 8,
1069 1228 1171 1262 semel
1194 1231 1317 1262 nomini
1339 1228 1475 1262 articulo
1497 1230 1639 1269 carenti,
1675 1229 1734 1272 yth
1756 1230 1877 1263 alonis·
1898 1227 2003 1263 Pium.

379 1290 408 1325 1,
426 1291 461 1325 1,
487 1288 544 1318 sed
567 1286 701 1318 definito
725 1293 851 1325 tamen,
879 1296 977 1329 quum
999 1285 1151 1318 articulus
1173 1284 1219 1318 ibi
1242 1286 1381 1319 omissus
1402 1287 1466 1326 sit,
1498 1293 1533 1318 ut
1552 1287 1586 1318 in
1612 1288 1723 1336 νηξᾳ,
1743 1297 1802 1330 pro
1823 1288 1968 1337 tax-‚¹553-

1126 1374 1156 1412 9.
1197 1374 1252 1404 43.

506 1443 534 1471 1.
578 1439 640 1471 Pro
658 1443 851 1482 pronomine
867 1440 1044 1482 per-roualt·
1062 1441 1187 1483 primae
1209 1450 1366 1483 personae
1390 1439 1494 1483 (ego)
1517 1440 1550 1472 in
1573 1439 1674 1473 titulis
1696 1451 1759 1473 non
1782 1451 1856 1473 raro
1875 1440 2004 1483 ponitur

378 1504 464 1539 7525
495 1507 608 1528 cervus
639 1500 714 1528 tuus
748 1498 798 1539 (v.
822 1496 925 1529 Melit.
949 1500 962 1528 1
997 1508 1027 1539 p.
1050 1496 1133 1539 98),
1168 1498 1215 1528 ita
1244 1497 1390 1539 quidem,
1431 1503 1466 1528 ut
1494 1497 1645 1541 deinceps
1671 1498 1705 1529 in
1733 1498 1838 1540 prima
1865 1505 2004 1540 persona

378 1559 549 1596 pergatur,
577 1559 612 1584 ut
634 1551 716 1585 Gen.
738 1557 793 1592 44,
818 1556 860 1586 32
882 1560 915 1585 et
936 1554 1051 1596 (quem
1073 1552 1179 1585 locum
1202 1564 1304 1596 nuper
1324 1553 1445 1585 addidit
1466 1551 1656 1596 Benaryus)
1678 1557 1698 1585 2
1721 1553 1808 1586 Satn.
1827 1554 1878 1593 19,
1893 1555 2002 1586 2¹.—

377 1609 621 1652 Inscriptionum
651 1616 799 1641 auctores
830 1620 1058 1653 nonnunquam
1090 1610 1188 1641 etiam
1217 1611 1312 1642 tertia
1333 1620 1471 1653 persona
1492 1610 1532 1642 de
1554 1620 1590 1641 se
1614 1609 1703 1653 loqui
1724 1610 1911 1648 ordiuntur,
1939 1608 2001 1642 nub

376 1665 473 1698 finem
496 1673 601 1697 tamen
626 1667 659 1698 in
683 1667 817 1708 primam
840 1677 1009 1709 personam
1033 1665 1216 1698 deflectunt.
1259 1665 1359 1698 Melit.
1377 1668 1412 1698 3:
1435 1674 1530 1700 :mum
1553 1675 1612 1709 με(
1630 1667 1709 1701 ’3935
1735 1689 1765 1698 ..
1788 1666 1916 1702 bsazbn
1938 1673 2003 1700 ³8³

377 1732 453 1756 ’πῃ-ι
478 1723 518 1758 b:
547 1726 662 1765 pomi!
684 1722 895 1755 Malchibaal
915 1743 954 1748 —
979 1722 1083 1755 Bauli
1109 1722 1265 1766 lapide-⁸,
1299 1733 1391 1766 quun
1414 1723 1643 1756 exaudivisset
1667 1725 1775 1756 omnia
1796 1722 1899 1755 verba
1918 1732 2002 1755 nea.
2046 1726 2050 1730 ”

378 1779 479 1811 Melit.
503 1784 540 1812 4:
578 1779 702 1822 Cippue
729 1779 980 1812 Malchou‘rt'dt‘r
1003 1803 1011 1811 .
1025 1803 1033 1811 .
1046 1804 1054 1811 .
1067 1804 1076 1812 .
1105 1789 1152 1812 ex
1179 1783 1256 1812 voto
1281 1782 1393 1822 patrie
1420 1783 1495 1812 mei.
1539 1778 1645 1823 Tugg.
1667 1778 1724 1811 lin.
1746 1782 1767 1812 7
1781 1793 1790 1811 =
1827 1782 2003 1813 exstruxit

369 1835 468 1874 ,filius
485 1839 586 1878 patri
604 1847 683 1868 neo.
729 1835 793 1868 Sed
815 1837 848 1867 in
873 1834 937 1868 Cit.
950 1840 969 1868 2
992 1837 1101 1868 omnia
1122 1835 1186 1868 sibi
1206 1842 1370 1875 constant,
1392 1843 1424 1868 et
1437 1836 1561 1868 orditur
1574 1842 1686 1868 auctor
1699 1846 1719 1867 a
1735 1837 1839 1879 prima
1854 1845 2002 1879 person..

505 1895 535 1924 2.
580 1891 740 1924 Suffixum
762 1900 836 1924 ante
859 1894 962 1935 ipsum
986 1903 1103 1924 nomen
1126 1892 1291 1932 πλεονάζον
1313 1892 1414 1925 habes
1434 1893 1469 1924 in
1491 1891 1645 1934 syllohom
1660 1893 1780 1924 aloniu-
1796 1891 1904 1925 flant.
1919 1895 1950 1933 1,
1966 1894 2000 1932 3,

377 1946 433 1980 ubi
454 1949 543 1988 vide,
587 1956 619 1980 et
647 1948 873 1991 amplam-ntum
896 1948 1078 1982 mcor-ahin·
1108 1953 1146 1988 2,
1170 1951 1222 1982 63.
1271 1948 1323 1981 De
1347 1948 1411 1981 alio
1433 1949 1570 1993 quodem
1593 1947 1779 1992 pleonasmo
1800 1949 2002 1992 pronominis

376 2006 551 2047 possessivi
574 2006 646 2037 vide
667 2016 739 2048 pag.
762 2008 826 2037 400
848 2017 874 2039 s.
896 2015 927 2038 v.
950 2005 1075 2038 Adonis
1103 2005 1144 2037 ef.
1166 2008 1241 2038 204.

505 2063 536 2093 3.
580 2062 761 2093 Pronomen
776 2062 1080 2102 demonstrativum,
1104 2069 1139 2094 nt
1151 2063 1235 2105 apud
1250 2061 1435 2100 Hebraeos,
1459 2062 1581 2094 nomini
1597 2062 1810 2104 postponitur,
1832 2068 1868 2094 ut
1880 2071 2002 2095 maeo-

377 2116 450 2159 tylh
472 2116 574 2149 Plaut-
592 2120 621 2156 ¹,
638 2121 666 2156 1,
698 2127 764 2153 nm
786 2120 874 2154 uba:
896 2118 1000 2151 Melit.
1017 2122 1047 2158 2,
1065 2123 1101 2160 23
1125 2117 1227 2151 semel
1243 2126 1349 2155 tamen
1366 2120 1591 2161 praeponitur,
1622 2119 1656 2150 in
1679 2117 1748 2161 htly
1764 2117 1911 2162 gubulid
1931 2119 2000 2154 ,Ἴδη

377 2175 480 2208 wbua
504 2173 607 2206 Plaut.
628 2178 654 2212 t,
670 2177 706 2212 9,
730 2176 814 2217 quod
829 2177 912 2218 apud
929 2175 1098 2208 Hebraeos
1111 2177 1146 2208 in
1159 2177 1338 2210 recentiore
1351 2186 1500 2207 sermone
1515 2176 1561 2216 (v.
1575 2173 1677 2208 Thes.
1693 2186 1720 2207 s.
1737 2185 1767 2208 v,
1782 2183 1822 2211 m
1836 2186 1889 2208 no.
1905 2178 1934 2216 1,·
1944 2175 2000 2217 ῃ)

378 2237 409 2261 et
432 2231 516 2273 apud
539 2229 638 2271 Syros
661 2230 812 2262 usitatum
836 2239 894 2264 est.

1125 2302 1154 2340 ς.
1199 2305 1251 2333 44.

507 2369 533 2397 1.
576 2365 614 2397 In
637 2370 814 2408 temporum
835 2376 898 2397 usu
919 2367 968 2407 (v.
990 2367 1138 2410 exempla
1160 2370 1188 2409 §.
1203 2371 1255 2401 34.
1269 2370 1332 2410 35)
1354 2368 1463 2400 omnia
1484 2366 1630 2410 legitima
1649 2373 1742 2407 sunt,
1771 2376 1873 2408 panea
1887 2372 2000 2400 notatu
2069 2394 2086 2406 ι

377 2421 485 2464 digna.
529 2421 591 2454 Pro
621 2425 760 2465 optativo
789 2422 886 2454 modo
907 2429 972 2453 tum
996 2424 1104 2456 futuro
1127 2432 1259 2456 utuntur
1281 2424 1384 2457 Melit.
1405 2428 1435 2463 1,
1451 2428 1484 2456 4.
1514 2423 1616 2456 Plaut.
1631 2426 1663 2462 2,
1679 2425 1741 2461 67,
1771 2428 1839 2453 tum
1861 2423 1999 2465 impera-

377 2478 460 2516 tivo,
499 2489 592 2521 quem
622 2479 772 2520 deinceps
802 2479 922 2521 exeipit
950 2482 1156 2522 praeteritum
1186 2480 1312 2523 Tripol.
1344 2484 1384 2519 2,
1409 2485 1438 2513 1.
1463 2484 1493 2513 2.
1537 2480 1763 2516 Praeteritum,
1800 2479 1884 2521 quod
1912 2489 1999 2511 asse—

379 2535 519 2566 verantis
547 2542 616 2575 est,
653 2534 754 2567 habes
784 2534 907 2578 Tripol.
937 2538 966 2568 1.
1010 2535 1163 2578 Futurum
1188 2538 1227 2569 de
1251 2539 1421 2580 praeterito
1445 2537 1630 2581 imperfecto
1661 2533 1715 2566 vel
1738 2534 1778 2566 de
1807 2545 1844 2567 re
1871 2536 1999 2579 saepius
2023 2575 2028 2580 ἥ

376 2592 509 2632 repetita
532 2598 639 2624 exstat
660 2590 789 2625 Numid.
816 2595 847 2631 6,
870 2594 898 2624 3.
