2242 2976
363 261 658 295 MONUMENTA
681 261 828 295 SEMIT.
851 261 1040 295 AEGYPT.
1082 262 1210 295 LXXI.
1233 261 1415 295 MONUM.
1437 262 1808 296 CARPENTORACT.
1851 267 1928 303 227

303 361 410 389 veram
443 356 620 389 litterarum
651 363 840 399 potestatem
865 358 978 399 partim
1002 367 1043 388 ex
1067 356 1259 388 phoeniciae
1282 358 1458 400 scripturae
1478 357 1707 396 similitudine,
1742 360 1857 401 partim
1887 370 1929 391 ex

301 421 453 446 contextu
477 414 661 456 indagavit,
691 420 739 453 et,
775 424 836 456 qua
858 420 926 445 erat
948 414 980 444 in
1005 413 1054 445 his
1079 412 1223 445 sollertia
1247 420 1279 444 et
1299 415 1492 456 sagacitate,
1516 415 1808 457 interpretationem
1829 416 1927 454 dedit,

300 471 333 502 in
357 481 421 513 qua
444 472 540 502 etiam
564 481 649 502 nunc
671 481 734 501 non
757 470 838 502 adeo
862 468 962 502 multa
984 476 1076 508 sunt,
1112 480 1192 512 quae
1215 470 1376 501 emendes.
1422 469 1532 512 Solam
1563 473 1774 513 posteriorem
1803 479 1927 514 partem

300 527 376 558 inde
399 538 418 557 a
439 526 496 559 lin.
520 529 539 559 3
562 527 646 559 med.
670 528 819 558 intactum
843 525 991 568 reliquit,
1015 532 1063 564 et,
1087 526 1170 568 quod
1194 527 1297 568 magis
1314 527 1449 565 mirum,
1474 528 1514 558 de
1530 526 1691 560 Aramaeo
1710 529 1928 571 inscriptionis

300 583 470 622 idiomate,
500 584 584 626 quod
607 584 707 625 ipsius
729 582 901 624 explicatio
923 581 1072 620 exhibet,
1112 572 1152 613 ne
1178 581 1310 613 verbulo
1339 583 1466 625 quidem
1488 584 1664 616 admonuit.
1708 585 1805 616 Hunc
1827 595 1929 627 paene

300 650 358 681 per
380 640 488 671 onmia
509 640 652 682 sequitur
673 639 814 670 Gabriel
833 637 979 680 Fabricy
1005 639 1064 680 (de
1087 637 1222 670 Joannis
1245 638 1392 679 Hyrcani
1416 650 1513 671 numo
1536 639 1574 671 T.
1597 640 1652 681 Ι),
1684 642 1747 673 nisi
1770 642 1852 684 quod
1875 641 1928 673 hic

302 697 399 727 etiam
431 698 463 727 in
496 702 639 727 extrema
670 701 758 737 parte
781 694 972 736 explicanda
994 696 1079 726 vires
1102 694 1316 737 periclitatum
1350 694 1415 726 aliu
1437 702 1598 727 tentarunt
1619 695 1832 730 Tvcnsmms
1854 697 1876 729 l.
1900 709 1928 730 c.

302 752 455 784 Kormus
487 751 545 791 (B.
569 751 634 782 und
658 751 749 783 Schr.
774 751 824 789 ll,
851 751 932 793 234)
969 758 1001 782 et
1022 751 1232 783 HAMAxuncs
1255 752 1414 794 (diatribe
1436 763 1466 794 p.
1489 753 1671 795 69—71),
1703 755 1747 785 ita
1767 762 1873 786 tamen
1896 763 1930 787 ut

301 810 335 840 in
357 808 466 840 multis
488 819 507 839 a
531 819 606 839 vera
629 809 681 839 via
703 807 902 839 declinarent
923 809 1046 850 magis,
1077 820 1170 851 quam
1194 807 1456 849 Barthelemyum
1479 808 1531 840 vel
1553 809 1738 852 supplerent
1755 810 1805 842 vel
1823 822 1930 843 emen-

301 866 434 904 darent,
473 864 506 896 id
537 865 620 906 quod
649 866 682 895 in
712 866 897 895 universum
922 866 1018 895 etiam
1042 865 1081 896 de
1104 875 1188 896 novo
1210 865 1331 896 Lmen
1354 864 1495 906 periculo
1519 866 1686 897 dicendum
1710 874 1780 906 est,
1810 868 1842 899 in
1867 879 1929 910 quo

301 922 506 953 diiudicando
540 927 572 952 et
602 920 780 952 refellendo
810 919 902 952 nobis
931 922 1030 952 otium
1066 921 1214 952 fecerunt
1242 922 1453 964 Roedigerus
1487 920 1594 964 (Allg.
1624 922 1702 954 Litt.
1733 909 1815 955 ze‘it.
1846 928 1926 957 1828

301 976 342 1009 T.
362 976 418 1008 111.
442 988 471 1019 p.
496 977 580 1019 267)
602 988 670 1019 sqq.
705 983 737 1008 et
758 977 899 1008 Beer-im
921 976 943 1007 l.
966 987 993 1007 c.
1023 975 1082 1018 (cf.
1111 977 1233 1018 infra):
1274 988 1452 1019 quanquam
1480 977 1567 1009 illius
1598 979 1637 1009 de
1668 987 1813 1012 extrema
1840 988 1929 1023 parte

300 1034 500 1065 restituenda
523 1043 617 1064 curae
640 1044 710 1064 cum
734 1032 828 1063 laude
849 1033 1073 1074 agnoscendae
1095 1040 1169 1063 sunt
1191 1032 1335 1074 nihilque
1358 1034 1491 1075 cogitari
1514 1041 1618 1076 potest
1642 1035 1793 1068 iniustius
1811 1039 1929 1078 pariter

302 1098 396 1132 atque
413 1090 592 1127 indoctius,
616 1099 710 1131 quam
727 1099 807 1131 quae
821 1089 975 1130 Angelus
986 1088 1103 1129 Majus
1119 1089 1158 1120 de
1172 1089 1283 1120 eodem
1299 1089 1490 1120 documento
1510 1097 1621 1121 contra
1642 1091 1798 1123 Lancium
1822 1093 1930 1135 dispu-

302 1147 381 1177 tavit
403 1147 436 1177 in
458 1145 560 1177 libro:
603 1145 764 1187 Calologo
787 1145 837 1176 ἄρ’
861 1146 986 1187 Papiri
1010 1144 1179 1187 Egizicmi
1210 1145 1298 1176 della
1327 1145 1504 1177 ba‘blioleca
1539 1146 1703 1178 Vaticana
1733 1158 1792 1179 con
1813 1153 1928 1190 previo

302 1202 445 1234 discorso
467 1213 496 1244 p.
519 1204 668 1233 31-78.
710 1201 940 1232 Doctissiinum
963 1202 1227 1232 commentarium
1249 1202 1318 1243 ipse
1340 1202 1427 1232 dedit
1449 1201 1635 1234 Beeriussl.
1661 1214 1686 1235 c.
1711 1215 1781 1246 pag.
1805 1208 1824 1236 9
1849 1217 1904 1248 sqq
1918 1229 1927 1245 ,

303 1259 356 1300 qui
378 1258 512 1289 alioruin
536 1269 660 1300 quoque
684 1265 818 1289 conatus
837 1256 983 1299 singulos
1003 1257 1132 1295 sobrio,
1171 1268 1232 1300 quo
1256 1264 1321 1295 est,
1359 1258 1478 1289 iudicio
1510 1259 1708 1291 diiudicavit.

432 1318 462 1346 2.
515 1314 644 1345 Initium
676 1314 832 1345 faciamus
861 1314 902 1345 ab
933 1313 1132 1356 explicandis
1162 1315 1360 1345 mouumenti
1388 1314 1602 1356 imaginibus,
1642 1326 1721 1358 quae
1751 1327 1821 1348 cum
1846 1318 1930 1350 tituli

303 1377 491 1413 argumento
508 1377 595 1402 arcta
610 1371 844 1401 necessitudine
861 1371 1048 1401 coniunctae
1062 1377 1155 1409 sunt,
1186 1377 1217 1401 et
1232 1370 1350 1401 dudum
1370 1370 1462 1401 docte
1477 1370 1650 1412 explicitae
1667 1382 1686 1403 a
1698 1359 1928 1415 *Barthelemyo

305 1426 328 1459 l.
351 1438 399 1467 c.,
439 1434 471 1458 et
498 1427 622 1461 Lancio
651 1426 673 1457 l.
703 1438 730 1458 c.
760 1438 790 1468 p.
814 1429 854 1458 79
877 1437 962 1468 sqq.;
1003 1437 1135 1469 quarum
1158 1425 1279 1458 similes
1310 1416 1620 1468 repraesentationes
1651 1429 1683 1459 in
1714 1431 1929 1463 monumentis

302 1483 509 1525 Aegyptiacis
534 1493 596 1515 non
620 1494 712 1514 rarae
742 1490 827 1514 sunt.
879 1482 985 1514 Unam
1014 1493 1089 1514 mox
1119 1482 1336 1514 describemus
1366 1483 1441 1524 (no.
1464 1483 1617 1524 LXXII)
1649 1491 1681 1515 et
1711 1495 1770 1516 sex
1792 1485 1872 1517 alias
1895 1488 1928 1518 in

304 1539 421 1571 Museo
458 1538 646 1570 Britannico
682 1550 782 1581 nuper
819 1539 975 1577 vidimus,
1015 1549 1096 1580 quae
1132 1550 1151 1569 a
1182 1545 1291 1569 nostra
1320 1540 1353 1569 in
1384 1549 1423 1569 eo
1455 1545 1575 1570 tantum
1608 1541 1805 1582 discrepant,
1844 1543 1927 1585 quod

303 1597 527 1638 inscriptiones
549 1595 668 1627 habent
691 1594 965 1637 hieroglyphicas,
1004 1605 1067 1625 non
1088 1593 1251 1625 litterales.

432 1652 483 1683 De
500 1658 608 1683 nostro
627 1658 833 1683 monumento
848 1652 1120 1693 praemonendum
1138 1658 1197 1689 est,
1222 1658 1342 1693 partem
1359 1653 1427 1683 eius
1442 1653 1659 1693 superiorem,
1684 1656 1810 1694 quaein
1828 1656 1929 1696 prima

306 1709 437 1751 lligordi
453 1707 665 1739 delineatione
683 1709 782 1746 deest,
801 1709 854 1739 vix
870 1714 900 1738 et
916 1718 955 1738 ne
973 1709 1026 1738 vix
1043 1708 1169 1749 quidem
1186 1709 1359 1749 genuinam
1373 1719 1455 1746 esse,
1472 1709 1527 1740 sed
1538 1708 1706 1750 aRigordo
1723 1711 1930 1742 instauratam

305 1766 347 1805 (v.
358 1764 563 1805 Barthelemy
580 1763 660 1804 l.c.)‚
677 1775 696 1794 a
714 1764 806 1795 nobis
821 1770 991 1805 propterea
1004 1763 1068 1795 tab.
1085 1766 1125 1795 29
1142 1765 1305 1796 omissam.
1330 1763 1421 1801 Quae
1438 1775 1510 1806 pars
1524 1766 1664 1806 genuina
1681 1772 1740 1803 est,
1756 1777 1794 1797 ea
1810 1768 1843 1798 in
1861 1769 1930 1798 uni-

307 1832 433 1852 versum
451 1821 519 1851 rudi
538 1827 606 1850 arte
620 1820 704 1850 facta
726 1826 785 1858 est,
809 1819 884 1850 olim
900 1818 1060 1851 coloribus
1075 1820 1211 1859 infecta,
1236 1831 1320 1851 nunc
1334 1831 1480 1862 magnam
1501 1828 1620 1862 partem
1637 1823 1792 1853 evanidis.
1837 1822 1930 1854 Utra-

306 1889 366 1920 que
387 1876 495 1909 tabula
518 1877 557 1908 ad
581 1875 746 1907 mulierem
770 1875 908 1907 refertur
931 1886 1032 1918 nuper
1055 1883 1228 1914 mortuam,
1251 1887 1332 1918 quae
1352 1877 1383 1907 in
1403 1877 1555 1908 inferiore
1573 1884 1661 1919 parte
1679 1879 1802 1909 sistitur
1819 1890 1930 1911 recens

307 1942 418 1972 uncta,
452 1935 484 1965 in
508 1934 674 1975 superiore
698 1939 769 1974 post
791 1932 962 1963 adventum
988 1933 1020 1963 in
1045 1943 1120 1964 orco
1153 1932 1353 1975 (Amenthe)
1385 1931 1508 1964 Osiridi
1532 1934 1614 1964 dona
1633 1934 1756 1965 serens.
1800 1934 1836 1966 In
1871 1936 1930 1968 hac

306 1992 403 2033 igitur
434 1990 534 2021 habes
567 2001 585 2020 a
615 1991 745 2020 sinistra
775 1988 955 2027 osiridem,
997 1989 1110 2020 dextra
1132 1988 1314 2031 flagellum,
1352 1990 1482 2020 sinistra
1504 1989 1618 2021 lituum
1641 1997 1819 2030 tenentem,
1848 1992 1931 2024 solio

305 2047 515 2084 insidentem,
555 2057 637 2088 pone
660 2057 732 2077 eum
756 2047 824 2077 sive
847 2045 964 2076 Isidem
996 2046 1051 2087 (ut
1073 2044 1140 2076 vult
1164 2044 1431 2086 Barthelemyus)
1454 2047 1522 2077 sive
1547 2046 1671 2077 Horum
1696 2046 1798 2079 filium
1824 2049 1929 2091 (quod

306 2104 440 2136 suadent
462 2101 584 2134 similes
607 2105 783 2144 imagines,
812 2112 841 2132 v.
864 2101 940 2132 Hirt
961 2101 1041 2133 iiber
1065 2102 1116 2133 die
1139 2100 1280 2144 Bildung
1304 2103 1360 2133 der
1380 2106 1487 2144 agypt.
1511 2102 1696 2134 Gottheiten
1725 2114 1754 2145 p.
1776 2106 1826 2137 36.
1849 2105 1929 2143 48);

307 2169 381 2192 ante
406 2161 545 2191 numinis
567 2160 739 2202 imaginem
763 2169 907 2189 mensam
929 2164 1077 2200 quattuor
1099 2159 1245 2190 ordinum
1275 2169 1369 2201 quum
1396 2158 1469 2190 aliis
1491 2158 1587 2190 rebus
1611 2166 1677 2190 tum
1702 2161 1780 2191 varii
1803 2163 1930 2203 generis

306 2217 386 2249 cibis
411 2224 577 2254 onustam,
609 2217 663 2258 qui
692 2214 878 2246 lectisternii
908 2216 1008 2246 instar
1035 2215 1096 2246 diis
1125 2216 1241 2256 apponi
1272 2214 1428 2246 solebant.
1477 2215 1512 2246 In
1537 2226 1685 2257 supremo
1716 2218 1827 2248 ordine
1857 2225 1930 2248 sunt

307 2275 447 2316 quinque
486 2283 560 2303 arae
598 2271 781 2314 portatiles‚
819 2270 990 2309 odoribus,
1024 2278 1058 2302 ut
1093 2272 1235 2309 videtur,
1274 2278 1306 2302 et
1342 2279 1431 2313 pasta
1468 2271 1524 2303 illa
1563 2273 1723 2303 odorifera
1760 2273 1878 2314 Kypln'
1912 2286 1930 2305 a

308 2330 478 2362 Plutarcho
501 2330 659 2370 descripta
684 2328 735 2369 (de
750 2327 833 2359 Iside
849 2334 880 2358 et
895 2326 1016 2358 Osirid.
1033 2338 1062 2369 p.
1079 2328 1161 2367 372)
1183 2334 1300 2359 tectae:
1324 2330 1356 2359 in
1376 2329 1517 2360 secundo
1540 2328 1678 2371 paniculi
1702 2336 1733 2360 et
1754 2330 1816 2360 duo
1840 2341 1929 2362 vasa:

308 2388 340 2418 in
365 2389 459 2418 tertio
482 2397 576 2417 anser
598 2391 753 2416 mactatus
775 2383 894 2415 coloris
924 2384 1043 2415 cinerei
1072 2383 1207 2425 pedibus
1237 2384 1340 2416 rutilis
1365 2385 1425 2424 (cf.
1450 2385 1572 2416 Herod.
1597 2389 1628 2422 2,
1652 2388 1702 2417 37.
1720 2386 1780 2426 45)
1805 2385 1929 2428 aliaque

309 2442 410 2474 bestia
432 2444 631 2485 quadrupes,
656 2441 794 2472 fortasse
816 2439 953 2478 vitulus,
980 2441 1082 2482 capite
1106 2447 1266 2483 amputato
1291 2442 1342 2482 (v.
1358 2440 1484 2473 Aelian.
1507 2441 1579 2473 hist.
1604 2443 1700 2474 anim.
1718 2445 1768 2480 10,
1786 2445 1865 2481 23);
1896 2444 1928 2474 in

310 2507 421 2540 quarto
446 2498 551 2541 pullus
572 2497 769 2541 gallinaceus
792 2497 896 2528 adhuc
918 2498 1028 2534 vivus,
1060 2504 1092 2528 et
1115 2499 1176 2528 tria
1199 2507 1292 2536 vasa,
1315 2497 1453 2529 fortasse
1476 2497 1636 2529 libatoria.
1680 2497 1764 2528 Ante
1788 2508 1929 2530 mensam

310 2552 413 2595 figura
435 2554 599 2587 muliebris
622 2556 730 2587 tunica
755 2560 922 2596 praetexta
943 2553 1054 2584 induta
1078 2553 1249 2597 (Thebes)
1274 2554 1422 2585 manibus
1444 2553 1579 2585 sublatis
1604 2554 1666 2584 duo
1689 2552 1767 2584 folia
1791 2553 1930 2586 offerens

311 2611 331 2642 i.
354 2621 380 2640 e.
403 2609 562 2650 ἄγροστιν,
599 2622 690 2654 quam
714 2610 846 2642 herbam
870 2609 1019 2652 Aegyptii
1042 2617 1121 2643 teste
1144 2611 1287 2643 Diodoro
1311 2611 1362 2650 (1,
1381 2611 1459 2651 43),
1496 2620 1591 2651 quum
1614 2609 1702 2640 Deos
1725 2609 1931 2650 accedebant,

1476 2670 1517 2698 29
1540 2671 1554 2686 *
