2242 2976
411 269 749 302 INSCRU'TIONES
770 270 1066 303 MELITENSES.
1110 271 1149 303 11.
1179 271 1450 304 MELITENSIS
1474 270 1663 304 ALTERA,
1779 277 1850 313 105

769 362 861 412 ’κω
894 375 973 426 περ
1004 362 1085 414 aba
1117 375 1173 410 n:
1204 374 1290 411 7717

869 445 930 503 τῇ
963 447 1041 484 ,ππ-ι
1073 434 1181 484 aba:
1215 447 1287 496 πρ]

844 518 957 556 mm
989 508 1082 571 nug:
1112 521 1171 565 mg
1202 518 1289 567 {1³⁷2

986 578 1126 641 *sbti-³:
1160 592 1204 639 3:
1237 578 1288 628 br

396 653 579 690 Condat-e
603 654 738 689 domus
764 658 946 689 aeternae
973 653 1074 702 (est)
1102 654 1333 703 sepulcrum.
1387 655 1596 704 Depositus
1620 663 1678 693 est

1459 568 1470 583 ἱ

383 719 480 768 pins
505 718 544 754 in
570 717 641 754 hoc
664 718 846 755 claustro.
902 718 1075 768 »Spiritus

390 783 622 819 remissionis
651 784 750 831 (est)
781 788 909 819 mater
930 776 1174 831 ignominiae.
1228 783 1378 819 Hanni-

391 848 455 884 bal
468 847 584 894 filius
610 847 847 884 Barmeleclt.

215 919 347 951 Praeter
368 931 484 952 nomen
508 921 668 964 proprium
693 922 753 952 viri
776 919 891 962 sepulti
914 918 1026 951 titulus
1049 926 1113 951 tres
1135 920 1300 951 continere
1325 921 1449 952 videtur
1471 923 1657 953 sententias.

342 983 415 1017 Una
438 993 502 1018 est:

843 1034 910 1068 unp
932 1026 993 1060 aba
1015 1035 1060 1058 n:
1084 1034 1151 1059 ῆ-ιη

214 1097 250 1130 ln
281 1097 415 1142 singulis
445 1098 559 1130 litteris
589 1096 781 1128 definiendis
807 1097 998 1138 interpretes
1028 1096 1233 1127 consentiunt
1257 1106 1388 1135 omnes,
1420 1098 1452 1128 in
1479 1108 1592 1130 vocum
1616 1102 1743 1140 syntaxi
1765 1112 1784 1133 a
1803 1113 1837 1134 se

215 1155 350 1186 invicem
380 1155 557 1187 discedunt.
608 1152 694 1185 Mihi
723 1152 802 1202 baec
839 1153 998 1184 sententia
1033 1151 1221 1195 sepulcralis
1258 1163 1329 1184 esse
1359 1154 1504 1194 videtur,
1536 1166 1599 1197 qua
1629 1155 1838 1198 significetur,

213 1210 413 1253 sepulcrum,
436 1212 519 1254 quod
544 1218 650 1252 utpote
668 1211 758 1241 triste
774 1215 805 1240 et
822 1208 1002 1240 solitarium
1019 1208 1408 1249 extimescantmortales,
1431 1211 1619 1252 particulam
1642 1220 1673 1244 et
1686 1212 1842 1245 conclave

213 1277 286 1299 esse
314 1268 453 1310 ingentis
480 1266 567 1298 illius
597 1267 709 1298 domus
748 1272 914 1303 aeternae,
958 1275 1039 1307 quae
1070 1276 1180 1297 omnes
1217 1265 1387 1307 homines,
1422 1268 1455 1298 in
1485 1267 1536 1299 his
1567 1269 1663 1300 etiam
1697 1269 1839 1302 defuncti

213 1324 352 1355 maiores
375 1331 468 1365 atque
490 1329 655 1365 parentes,
689 1322 721 1352 in
745 1318 838 1353 omne
862 1331 975 1352 aevum
1000 1320 1163 1353 inclusura
1191 1323 1232 1353 sit
1264 1323 1418 1369 (arg-Q}
1442 1329 1519 1366 5457:
1544 1334 1598 1367 ιτς
1627 1324 1695 1357 Iob.
1721 1328 1773 1364 30,
1797 1328 1837 1358 23

213 1381 280 1414 &²:72
305 1388 349 1413 n:
370 1381 466 1411 inscr.
493 1378 598 1421 Tugg.
622 1377 677 1409 lin.
705 1378 754 1419 5).
799 1377 923 1408 Domus
953 1378 1037 1408 enim
1067 1382 1206 1409 aeterna
1234 1377 1266 1410 h.
1290 1377 1311 1410 l.
1336 1366 1415 1410 esse*
1431 1380 1556 1411 videtur
1585 1391 1678 1412 orcus
1703 1381 1837 1429 (ξὶωξ),

213 1446 306 1479 quem
330 1436 370 1467 ab
394 1435 553 1467 Hebraeis
576 1441 607 1466 et
628 1433 796 1476 Aegyptiis
818 1435 862 1465 ita
885 1433 1105 1465 adumbratum
1128 1444 1199 1465 esse
1222 1435 1359 1474 scimus,
1388 1441 1422 1466 ut
1441 1446 1625 1478 magnarum
1642 1436 1835 1469 familiarum

212 1491 376 1535 sepulcra,
406 1492 438 1523 in
464 1491 579 1534 quibus
602 1501 718 1532 magna
740 1497 889 1531 nepotum
914 1489 1032 1521 cohors
1051 1490 1090 1521 ad
1109 1496 1215 1532 patres
1234 1498 1428 1533 congregata
1443 1491 1586 1530 iacebat,
1608 1493 1648 1524 iis
1668 1492 1708 1524 cb
1727 1493 1836 1525 oculos

212 1555 394 1580 versaretur
424 1549 475 1587 (v.
501 1547 558 1578 Ez.
584 1549 634 1585 32,
650 1548 691 1578 26
706 1546 741 1577 ff.
766 1557 796 1577 v.
818 1545 923 1577 Zobel
940 1545 1022 1577 {lber
1045 1546 1104 1577 dax
1127 1544 1379 1579 Schattenretch
1402 1547 1462 1579 der
1472 1547 1623 1586 frithern
1644 1547 1772 1588 Juden,
1801 1551 1834 1581 in

211 1605 312 1636 eiusd.
334 1604 502 1646 Magazin
514 1603 583 1642 fiir
606 1602 681 1634 bibl.
700 1602 844 1644 Interpr.
864 1604 892 1640 1,
912 1605 925 1633 1
945 1612 973 1644 p.
992 1605 1041 1633 24.
1069 1601 1232 1634 Creuzerz'
1254 1603 1426 1635 Comment.
1442 1602 1604 1635 Herodot.
1627 1615 1658 1646 p.
1677 1605 1769 1647 307).
1794 1624 1834 1630 —-

210 1661 260 1693 Ad
283 1662 343 1695 2:55
365 1669 409 1693 n:
432 1661 454 1691 i.
474 1670 502 1690 e.
527 1660 600 1705 02:59
624 1668 683 1702 ΝΞ),
706 1659 745 1690 de
767 1657 919 1701 sepulcro
943 1659 1052 1699 (cuius
1076 1669 1191 1690 nomen
1216 1659 1248 1691 h.
1263 1658 1285 1691 l.
1310 1661 1348 1691 ad
1372 1660 1532 1691 infernum
1555 1659 1741 1693 translatum
1765 1663 1834 1704 est)

211 1718 251 1750 cf.
273 1717 360 1749 Eccl.
377 1720 428 1755 12,
447 1719 481 1748 5:
513 1718 604 1762 aalys
628 1726 683 1759 wa
700 1710 744 1761 ἐτξ
768 1723 831 1761 Πζιις
854 1715 930 1758 ῆξὶ-ῐ.
955 1714 1005 1745 Ps.
1022 1718 1074 1754 49,
1093 1718 1141 1746 12.
1163 1714 1259 1747 Alex.
1282 1716 1312 1748 οἱ
1327 1716 1421 1759 τάφοι
1438 1716 1540 1748 αὐτῶν
1555 1717 1646 1748 οἰκίαι
1669 1717 1770 1750 αὐτῶν
1793 1719 1836 1756 εἰς

208 1774 263 1807 τὸν
285 1775 382 1805 αἰῶνα
404 1773 600 1812 (secundum
626 1773 814 1813 scripturam
838 1772 932 1805 nbwb
957 1780 1053 1804 vam:
1077 1780 1184 1816 caup,
1215 1783 1273 1814 pro
1298 1772 1420 1815 vulgari
1443 1773 1499 1806 ’πυ
1522 1775 1651 1815 ῦέῆρ),
1677 1772 1834 1812 ὃαίώνιος

209 1830 304 1867 τόπος
333 1828 467 1868 Tob.-3‚
492 1832 530 1868 6,
572 1828 669 1865 ἀΐδιος
692 1826 774 1864 οἶκος
795 1827 892 1859 Diod.
917 1830 946 1866 1,
972 1830 1031 1866 51,
1070 1834 1100 1859 et
1126 1827 1181 1859 lat.
1213 1829 1322 1860 domus
1351 1834 1489 1861 aeterna
1512 1831 1544 1861 in
1569 1831 1832 1871 inscriptionibus

210 1885 442 1929 sepulcralibus
465 1886 604 1916 maxime
625 1883 883 1916 Christianorum
909 1894 959 1926 ap.
985 1883 1153 1915 Gruterum
1180 1896 1209 1927 p.
1235 1888 1306 1917 790.
1335 1888 1408 1918 903.
1430 1888 1491 1918 913
1514 1894 1545 1917 et
1568 1885 1751 1918 Reinesium
1777 1887 1831 1919 ubi

210 1943 282 1975 vide
301 1943 387 1974 indd.
432 1941 467 1973 ln
491 1948 577 1973 tanta
593 1949 697 1972 autem
716 1940 809 1971 huius
823 1939 995 1972 locutionis
1022 1940 1201 1983 frequentia
1221 1942 1346 1973 mireris
1370 1941 1586 1983 Tychsenium
1609 1950 1640 1974 et
1657 1942 1831 1986 Koppium,

209 2000 263 2041 qui
284 2000 389 2033 uben:
411 1999 443 2029 in
467 1997 531 2029 alia
553 1999 660 2029 omnia
685 1998 884 2039 detorquent.

336 2067 447 2100 Altera
473 2069 631 2100 sententia
654 2075 720 2099 est:

812 2117 876 2144 rna
898 2111 984 2143 aba:
1008 2119 1068 2152 πρυ
1092 2111 1160 2145 ὀνκ

209 2169 374 2210 depositus
397 2167 439 2210 (i.
456 2178 483 2198 e.
499 2166 662 2208 sepultus)
688 2171 737 2198 est
759 2167 807 2197 vir
830 2169 984 2197 innocens
1006 2170 1041 2198 in
1063 2166 1121 2198 hoc
1145 2168 1287 2198 claustro
1310 2169 1341 2198 in
1365 2167 1426 2199 hoc
1450 2167 1595 2210 sepulcro
1620 2169 1745 2210 clauso,
1770 2171 1829 2202 hac

208 2235 354 2256 caverna.
407 2223 580 2255 Continent
608 2222 689 2253 haec
721 2221 816 2254 verba
847 2221 1062 2254 laudationem
1091 2223 1247 2261 defuncti,
1283 2225 1334 2254 cui
1362 2223 1499 2256 similem
1531 2225 1587 2256 sed
1618 2227 1827 2268 copiosiorem

208 2280 307 2313 habes
326 2282 359 2312 in
381 2280 486 2322 lapide
510 2278 819 2321 Carpentoractensi.
864 2278 927 2309 Sed
954 2279 1118 2310 videamus
1142 2280 1180 2310 de
1204 2279 1358 2321 singulis,
1397 2291 1476 2322 quae
1501 2280 1738 2314 difficultatibus
1762 2284 1827 2314 suis

208 2348 269 2368 non
287 2344 404 2369 carent.
449 2339 535 2376 byn,
562 2337 645 2379 quod
662 2335 831 2367 manifesto
851 2343 1010 2376 comparet
1026 2336 1057 2366 in
1078 2335 1226 2367 omnibus
1242 2336 1443 2381 apographis,
1469 2348 1509 2368 ex
1526 2349 1585 2369 usu
1603 2337 1825 2369 Hebraeorum

207 2401 291 2425 esset
320 2393 467 2425 abiectus
498 2398 546 2425 est
577 2394 615 2435 (2
634 2393 719 2424 Sam.
744 2395 773 2430 1,
799 2392 876 2433 21):
916 2392 971 2422 sed
1003 2392 1084 2433 quod
1116 2402 1211 2433 supra
1241 2391 1405 2435 flagitante
1428 2394 1586 2425 sententia
1607 2393 1826 2425 transtulimus

208 2449 373 2490 depositus
402 2454 467 2488 est,
506 2451 538 2481 id
567 2449 713 2480 firmatur
743 2449 931 2479 auctoritate
962 2448 1114 2489 Syrorum
1139 2455 1170 2479 et
1193 2448 1356 2487 Arabum,
1395 2449 1509 2491 quibus
1532 2454 1612 2492 ρ
1642 2458 1688 2481 est
1708 2451 1825 2492 posuit,

208 2507 390 2547 collocavit,
427 2509 630 2540 demandavit
659 2507 843 2540 thesaurum
875 2509 911 2546 (1
939 2506 1010 2539 Par.
1035 2509 1086 2545 29,
1110 2510 1171 2547 8),·
1200 2507 1276 2539 Vll.
1307 2510 1428 2550 positus
1452 2516 1515 2546 est,
1552 2499 1657 2564 &83ss
1673 2515 1703 2539 et
1725 2498 1830 2567 &Q

209 2567 354 2608 deposuit
380 2569 413 2599 in
445 2567 540 2599 fidem
571 2567 661 2605 alic„
699 2568 858 2599 commisit
886 2566 997 2603 alicui;
1037 2577 1096 2598 nec
1124 2574 1290 2609 tantopere
1307 2567 1469 2610 ,religioni
1497 2568 1574 2599 mihi
1606 2568 1769 2604 duxerim,
1807 2577 1825 2597 a

208 2621 332 2664 vulgari
354 2622 572 2655 Hebraeorum
597 2635 653 2655 usu
677 2623 708 2655 h.
728 2623 749 2655 l.
769 2624 936 2662 recedere,
958 2634 1053 2666 quum
1071 2625 1117 2661 is,
1142 2634 1234 2665 quem
1252 2624 1491 2665 adoptavimus,
1517 2624 1656 2654 hebraeo
1671 2621 1826 2654 finitimus

1405 2686 1443 2713 14
