2242 2976
507 284 569 318 DE
590 285 798 321 LITTERIS
820 289 1085 324 PHOENICIIS.
1130 294 1159 332 3.
1183 297 1232 326 13.
1262 293 1386 328 BETH
1407 295 1615 331 LITTERA.
1824 305 1872 341 21

248 387 319 409 eum
344 376 452 411 littera
472 379 569 423 Koph
594 375 741 424 cognatio
765 389 833 421 est,
864 393 962 425 quum
992 392 1102 418 contra
1131 387 1263 420 eaedem
1292 390 1326 421 in
1349 397 1518 424 stemmate
1538 390 1643 435 Aleph
1666 391 1792 426 litterae
1820 397 1877 428 vix

246 434 358 466 deesse
384 438 508 478 possint
536 444 568 469 et
596 449 693 481 prope
723 438 829 471 absint
858 450 878 471 a
906 442 1017 483 primis
1045 442 1110 475 illis
1140 450 1173 476 et
1202 445 1320 478 nativis
1347 446 1461 490 figuris
1489 460 1541 481 no.
1565 452 1594 481 1.
1617 453 1648 481 2.
1671 452 1708 488 3,
1739 458 1774 482 ut
1796 451 1875 484 haec

247 500 358 524 earum
380 495 574 537 comparatio
595 495 803 527 monstrabit:

493 549 1346 642 -wrrss

772 658 1325 742 &ztir

418 745 537 787 ‚‚Ex¹')
560 748 793 791 antiquioribus
821 750 934 785 formis
965 764 1019 785 no.
1039 757 1071 786 4.
1095 757 1114 786 8
1148 761 1237 787 ortae
1267 760 1341 787 sunt
1368 760 1494 786 veteres
1516 766 1651 798 graecae
1674 763 1707 788 et
1729 764 1873 790 etruscae

330 805 484 859 ’,Ᾱ-
517 808 570 866 Α
617 816 669 868 >Q
690 840 701 857 ‚
738 828 780 850 ex
809 818 860 851 his
885 831 1002 862 graeca
1032 829 1064 854 et
1094 821 1196 854 latina
1226 821 1368 865 vulgaris
1390 822 1441 862 A,
1473 833 1567 866 quam
1598 822 1696 867 vulgo
1726 824 1809 856 male
1832 836 1873 858 ex

332 901 470 944 „figura
513 884 579 957 fi<
614 905 746 935 inversa
774 902 948 946 explicant.
990 905 1111 948 Figura
1137 905 1278 940 hebraea
1304 914 1394 940 vetus
1431 908 1487 958 W
1522 915 1592 940 orta
1620 915 1668 941 est
1698 920 1739 942 ex
1768 908 1873 953 figura

328 973 529 1017 „phoenicia
563 986 616 1007 no.
655 978 695 1007 10
730 985 826 1017 scapo
864 975 1018 1007 inferiore
1058 976 1200 1009 abiecto:
1242 989 1284 1010 ex
1323 978 1384 1011 hac
1420 980 1649 1011 samaritanum
1684 970 1760 1024 (V,
1794 983 1870 1013 item

327 1031 467 1073 „Aleplc
490 1031 734 1063 Sassanidarum
757 1032 791 1062 in
813 1029 1096 1064 Kirmansehah.“

413 1101 496 1149 „Ex
517 1100 750 1139 recentioribus
771 1107 879 1134 autem
901 1101 1013 1133 formis
1036 1113 1088 1134 no.
1113 1105 1249 1142 22—24‚
1275 1106 1415 1137 maxime
1438 1117 1490 1138 no.
1513 1109 1575 1145 24,
1599 1113 1703 1138 ortum
1726 1113 1776 1139 est
1797 1100 1870 1149 N

327 1158 536 1199 „scripturae
567 1158 951 1201 ammineo-aegyptiacae
979 1165 1011 1189 et
1041 1159 1116 1190 inde
1144 1158 1410 1205 Palmyrenorum
1439 1170 1472 1195 et
1501 1162 1699 1205 quadratum.
1744 1164 1794 1197 Ex
1819 1164 1870 1201 his

326 1212 458 1256 „Aleph
480 1213 725 1246 Sassanidarum
747 1215 782 1246 in
804 1212 1158 1264 Naksch'i-Rustamst‘

997 1308 1101 1346 §.13.

829 1373 979 1405 Beth,
1021 1375 1285 1408 littera:

238 1622 361 1654 domun·
382 1621 465 1663 (ενι)
489 1619 540 1652 vel
557 1621 663 1662 potius
678 1622 848 1653 tentorium
871 1628 1029 1667 utcunque
1052 1630 1307 1667 repraesentans,
1329 1630 1366 1656 ut
1392 1632 1425 1662 Δ
1450 1624 1569 1657 Daleth
1581 1632 1723 1669 portam,
1746 1627 1868 1661 seilicet

235 1679 376 1711 tentorii.
412 1677 498 1712 Vide
521 1679 620 1712 inser.
642 1676 747 1710 Melit.
769 1682 802 1710 2.
818 1681 849 1710 3.
866 1683 898 1710 4.
923 1678 1034 1714 Carth.
1059 1684 1166 1715 1-5-
1190 1683 1220 1714 6.
1244 1683 1274 1712 8.
1298 1683 1328 1712 9.
1352 1681 1551 1718 ηυηιμῦίίἰο.
1568 1682 1609 1716 Ν.
1651 1684 1682 1716 Α
1703 1684 1864 1722 similibus

236 1734 352 1767 litteris
365 1733 485 1766 Daleth
499 1741 531 1766 et
543 1733 649 1765 Resch
668 1740 778 1766 nostra
798 1735 843 1766 ita
865 1736 989 1776 differt,
1016 1744 1050 1769 ut
1073 1737 1178 1770 Reseh
1201 1748 1331 1780 scapum
1353 1737 1470 1779 habeat
1487 1738 1618 1782 longum
1642 1747 1674 1773 et
1697 1742 1864 1782 directum,

235 1791 353 1824 Daleth
378 1790 524 1829 brevem,
546 1789 629 1822 Beth
647 1789 780 1833 longum
803 1791 860 1822 sed
882 1803 1067 1825 recurvum:
1090 1792 1166 1826 lieet
1187 1793 1368 1826 breviorem
1394 1795 1526 1837 caudam
1548 1795 1666 1831 habeat
1686 1797 1749 1833 hoe
1764 1797 1863 1830 Beth:

968 1848 971 1851 ’
1036 1845 1052 1860 2

233 1991 329 2022 inser.
351 1987 443 2020 sard.
468 1989 497 2018 1.
522 1988 553 2018 3.
575 1988 607 2018 6.
652 1985 773 2019 Variae
794 1987 919 2032 figurae
940 1989 1028 2023 illius
1048 1992 1222 2034 primariae
1244 1992 1436 2022 mutationes
1460 2002 1480 2023 a
1502 1991 1730 2036 calligraphiae
1755 1993 1861 2025 studio

234 2046 395 2091 profectae
417 2044 581 2082 videntur,
605 2042 750 2086 aliaeque
772 2046 812 2077 ad
832 2053 929 2089 caput
950 2049 1020 2080 eius
1038 2049 1200 2090 pertinent
1218 2047 1354 2093 diversis
1372 2048 1475 2080 modis
1494 2049 1631 2096 pictum,
1653 2051 1710 2082 sed
1725 2049 1862 2093 plerum-

662 2142 673 2158 ’
779 2145 832 2282 9
909 2146 966 2278 9
1055 2144 1068 2160 ⁶
1247 2145 1258 2159 ⁷
1408 2143 1456 2283 ὁ

230 2303 324 2346 (tert.
354 2313 384 2336 v.
416 2303 534 2336 Athen.
566 2308 602 2342 1,
631 2307 738 2346 quart.
770 2303 879 2344 Sard.‚
914 2308 1017 2348 quint.
1045 2305 1106 2338 Cit.
1138 2309 1197 2345 18,
1227 2310 1331 2344 texet„
1361 2317 1443 2349 quae
1471 2305 1569 2348 longe
1600 2306 1857 2349 frequentissima

228 2359 333 2403 figura
357 2367 423 2399 est,
453 2359 517 2392 Cit.
543 2364 572 2392 1.
598 2362 627 2392 3.
651 2363 680 2392 5.
705 2363 735 2392 6.
762 2364 812 2392 12.
838 2362 888 2394 15.
911 2364 962 2393 20.
985 2364 1036 2394 23.
1064 2364 1115 2394 26.
1138 2365 1190 2394 29.
1214 2365 1272 2402 31,
1300 2361 1402 2394 Num.
1419 2365 1449 2395 6.
1471 2365 1507 2403 7,‘
1535 2362 1605 2394 sid.
1630 2361 1670 2394 Τ.
1698 2361 1789 2394 Cilic.
1812 2361 1855 2393 H.

228 2416 330 2449 Laod.
361 2416 500 2449 Marath.
532 2415 624 2448 Coss.
654 2416 738 2448 Abd.
763 2417 856 2449 Sabr.
879 2417 918 2449 A.
943 2417 981 2449 B.
1006 2416 1042 2449 C.
1066 2418 1094 2450 E
1143 2423 1224 2461 cept.
1247 2418 1353 2462 Tugg.
1376 2430 1417 2451 ex
1441 2419 1624 2463 apographo
1649 2417 1852 2461 Templiano,

230 2471 344 2505 Athen.
370 2476 400 2512 1,
423 2477 461 2512 2,
486 2473 623 2516 Aegypt.
648 2476 693 2510 3.;
724 2478 786 2505 oct.
810 2473 915 2518 Tugg.
939 2485 981 2506 ex
1003 2486 1112 2517 apogr.
1137 2472 1264 2518 Templ.
1289 2474 1345 2507 lin.
1369 2477 1398 2507 3.
1421 2478 1452 2508 5.
1480 2477 1533 2518 7),
1558 2475 1641 2507 aliae
1665 2476 1703 2506 ad
1726 2472 1852 2511 collum,

230 2529 314 2571 quod
337 2530 431 2561 modo
453 2529 583 2574 longius
605 2537 655 2562 est
677 2537 709 2562 et
733 2541 834 2573 paene
855 2538 978 2563 rectum
1001 2532 1096 2563 modo
1119 2531 1307 2581 infractum5
1333 2539 1365 2563 ut
1387 2533 1419 2564 in
1443 2534 1601 2574 scriptura
1622 2540 1788 2562 aramaea:
1808 2535 1816 2541 ”

366 1441 474 1474 Prima
496 1449 528 1474 et
550 1443 658 1474 nativa
678 1441 785 1485 figura
805 1447 855 1473 est

232 2114 293 2147 que
316 2102 498 2138 rotundum,

281 2625 310 2654 ἰ)
335 2624 379 2650 De
398 2624 442 2650 his
470 2624 668 2650 commentariis
690 2623 856 2660 singularum
873 2624 1022 2652 litteram
1039 2626 1264 2660 palaeographiam
1287 2631 1459 2659 compar-aiom
1480 2623 1673 2651 illustrantibus
1701 2629 1849 2656 eorumque

229 2671 343 2697 consilio
361 2675 387 2698 et
404 2677 560 2703 argumento
578 2673 641 2700 vide
661 2672 731 2699 infra
749 2672 775 2705 §.
795 2672 831 2699 44
847 2673 892 2699 fin.
