2242 2976
592 219 846 261 QUATTUOR
867 219 1202 253 INSCRIPTIONES
1224 218 1494 253 READIANAE.
1781 224 1856 261 453

233 316 311 349 ibid.
331 315 392 348 litt.
413 318 444 348 9.
475 333 516 340 —-
562 314 655 357 capla
680 313 787 358 figura
808 324 866 346 sua
887 315 1016 357 propria
1049 320 1156 346 exstat
1182 312 1241 346 lin.
1266 317 1308 354 3,
1333 317 1372 346 12
1400 321 1431 346 et
1453 314 1661 357 probabiliter
1683 316 1780 347 etiam
1805 319 1856 354 14,

232 373 273 405 cf.
302 371 392 415 Caph
423 373 458 404 in
487 370 618 404 Numid.
648 375 684 411 2,
712 370 768 403 lin.
797 374 829 403 2.
865 389 909 396 -
953 370 1098 409 Lamed,
1133 376 1169 402 ut
1197 369 1294 413 vulgo
1322 372 1356 403 in
1386 369 1582 411 Numidicis,
1619 371 1730 415 plures
1759 370 1857 404 habet

230 429 362 472 figuras.
405 426 480 461 Una
507 434 557 459 est
585 428 661 460 trita
685 426 744 460 illa
772 426 830 459 lin.
852 430 884 466 2,
909 429 958 459 13.
980 430 1012 467 3,
1032 431 1066 459 4.
1091 429 1111 459 7
1141 433 1174 458 et
1195 437 1277 469 quae
1299 428 1330 459 ei
1352 426 1467 460 similis
1488 435 1539 460 est
1559 427 1615 461 lin.
1641 432 1672 468 1,
1696 431 1714 460 5
1739 438 1758 459 a
1779 426 1856 466 fine,

231 497 250 517 a
272 484 345 518 Tau
366 485 421 517 vix
445 484 655 516 discernenda
677 483 718 517 cf.
742 482 866 525 Tripol.
889 486 927 522 2,
951 486 971 515 2
999 484 1051 526 (in
1074 484 1140 527 nb?
1150 483 1173 525 ).
1215 482 1302 515 Huic
1324 484 1448 516 accedit
1469 486 1574 517 minor
1593 484 1650 517 illa
1670 484 1796 528 figura,
1825 484 1857 517 L

232 542 421 575 Latinorum
445 540 561 573 similis
583 539 740 583 (Numid.
757 542 789 579 3,
805 542 835 579 3,
851 543 882 572 8.
904 544 938 579 4,
956 543 986 579 1,
1004 542 1035 572 3.
1058 542 1079 572 9
1107 547 1141 571 et
1163 538 1220 571 lin.
1236 543 1268 579 2,
1287 541 1364 582 11),
1389 552 1483 583 quam
1506 540 1607 575 habes
1628 540 1685 574 lin.
1702 532 1733 580 2¹,
1750 544 1801 579 11,
1825 548 1858 572 et

231 598 366 630 rotunda
394 598 498 640 magis
525 608 620 640 quam
649 595 801 639 angulata
834 595 891 628 lin.
920 599 957 635 1,
987 598 1007 628 3
1039 607 1060 628 a
1087 595 1173 635 fine,
1210 600 1248 635 3,
1283 599 1332 629 10.
1388 596 1570 640 Diligenter
1598 605 1703 630 autem
1732 597 1855 630 Lamed

231 654 435 697 distinguitur
464 664 484 685 a
517 652 612 692 Nun,
649 653 732 696 quod
763 652 881 695 ubique
909 651 981 685 sola
1009 652 1096 684 linea
1124 660 1211 691 recta
1239 652 1376 685 efficitur
1407 652 1535 693 lin.'1,
1565 657 1595 686 3.
1626 657 1655 686 6.
1687 653 1745 685 lin.
1768 656 1801 692 2,
1823 657 1854 685 2.

230 710 286 742 lin.
307 714 340 749 4,
365 713 393 741 1.
437 710 509 742 Ain
529 708 716 752 plerumque
741 707 872 751 vulgare
895 716 962 748 est,
999 710 1057 742 sed
1078 709 1221 741 eiusdem
1245 710 1410 752 potestatis
1432 721 1502 743 esse
1526 711 1652 742 videtur
1673 709 1779 752 figura
1800 707 1857 740 illa

213 766 313 799 ‘infra
333 776 449 799 manca
470 765 528 797 lin.
553 769 584 804 2,
604 768 664 805 12,
688 765 728 804 cf.
751 764 884 797 Numid.
906 770 938 805 4,
962 769 982 798 2
1002 764 1065 797 litt.
1089 769 1140 798 10.
1173 769 1224 805 18,
1248 768 1267 798 3
1289 765 1350 798 litt.
1377 769 1427 799 16.
1471 766 1544 799 Phe
1567 766 1666 799 habes
1689 765 1745 798 lin.
1769 769 1799 804 2,
1822 768 1853 798 6.

230 822 333 865 Κορῆ
355 833 427 854 esse
450 823 577 855 videtur
606 820 664 853 lin.
687 825 728 861 2,
753 824 784 854 7.
838 821 947 854 ΒεεεΙι
968 833 1100 864 prorsus
1123 820 1300 865 legitimum
1323 829 1390 862 est,
1426 824 1645 856 sinistrorsum
1669 821 1856 855 inclinatum

228 878 285 913 lin.
307 882 345 919 2,
360 871 399 912 ’8.
429 877 486 912 lin.
509 881 547 918 3,
572 881 602 910 8.
647 876 750 910 Schtn
774 889 837 910 non
861 874 969 917 adest',
1006 878 1047 910 de
1075 878 1144 911 Tau
1168 880 1233 910 iam
1255 889 1320 910 una
1342 889 1414 911 cum
1437 878 1542 922 Aleph
1568 880 1686 912 dictum
1709 886 1767 911 est.

356 935 420 981 His
441 935 651 978 praemunitis
672 933 773 966 verba
793 935 839 966 ita
861 934 1072 976 dispescenda
1099 942 1132 966 et
1152 934 1289 978 legenda
1310 936 1474 968 videntur:

728 1059 730 1063 y
844 999 985 1049 sabi-nb
1022 1012 1099 1061 ur:
1139 1013 1182 1058 γε
1225 1002 1260 1046 ’ν

734 1068 845 1119 abab
890 1083 966 1118 nvn
999 1083 1010 1117 z
1043 1082 1177 1133 pean*
1217 1084 1262 1133 μ

745 1141 888 1201 -μπῡηέν
928 1153 983 1189 επ
1025 1141 1131 1193 5:225
1169 1154 1260 1190 nnn

1120 1225 1258 1261 sni-w:

229 1301 310 1333 quae
333 1292 378 1322 ita
401 1288 619 1333 explicamus:

441 1348 581 1383 Servus
608 1351 699 1383 tuus
713 1346 850 1392 filium
871 1345 1087 1382 immolavit
1119 1345 1314 1392 Ἠιεῐοιόαθ,

428 1411 518 1458 filii
543 1411 577 1448 J
581 1439 589 1448 .
601 1410 710 1448 alut.
714 1411 832 1461 plnk.
887 1411 995 1448 Odor
1025 1410 1258 1457 holocausti,

439 1477 630 1524 instigans
656 1476 818 1513 Baalem
844 1476 1034 1513 excelsum
1060 1477 1115 1513 ad
1132 1476 1312 1527 pluviam
1338 1475 1623 1521 demittendam,

439 1541 656 1578 combustus
683 1547 751 1578 est.

356 1615 463 1654 Quum
487 1617 549 1648 tria
571 1617 681 1659 priora
703 1616 795 1658 signa
818 1622 906 1647 certa
929 1617 1010 1654 sint,
1041 1627 1060 1647 a
1082 1617 1220 1658 quinque
1241 1616 1446 1659 sequentibus
1468 1616 1666 1648 vindicandis
1681 1614 1853 1646 ordiamur.

230 1672 278 1703 Ea
299 1673 402 1714 primo
426 1672 539 1704 obtutu
559 1671 675 1714 aliquis
696 1671 783 1714 legat
806 1678 837 1702 et
859 1673 930 1714 ipse
952 1671 1094 1714 legeram
1110 1674 1215 1707 πύπαξ
1244 1672 1304 1715 (cf.
1320 1673 1442 1705 Lamed
1465 1683 1517 1704 no.
1535 1675 1586 1704 17.
1603 1674 1652 1703 18.
1671 1673 1709 1703 19
1734 1682 1765 1713 p.
1782 1671 1852 1711 35):

228 1729 285 1760 sed
313 1738 390 1759 mox
417 1727 583 1767 intellexi,
620 1739 723 1770 neque
752 1727 931 1760 litterarum
955 1727 1095 1771 figuras,
1131 1739 1234 1772 neque
1267 1731 1459 1761 sententiam
1482 1728 1543 1760 hoc
1567 1728 1664 1760 ferre.
1709 1725 1855 1768 Namque

228 1786 366 1827 primum
388 1784 515 1816 Lamed
535 1784 660 1816 litterae
682 1784 764 1815 duae
785 1790 891 1815 tresve
912 1783 995 1816 aliae
1017 1784 1141 1827 figurae
1159 1787 1194 1816 in
1217 1785 1276 1817 hac
1292 1787 1498 1828 inscriptione
1515 1786 1728 1827 reperiuntur,
1752 1793 1854 1825 neque

231 1840 385 1873 credibile
407 1848 474 1879 est,
503 1842 603 1872 'etiam
624 1839 763 1883 figuram
792 1838 880 1871 illam
903 1847 1042 1880 rectam,
1080 1852 1161 1883 quae
1191 1841 1268 1874 alibi
1294 1843 1327 1873 in
1358 1842 1425 1881 hoc,
1450 1840 1542 1873 titulo
1573 1846 1755 1873 constanter
1776 1838 1856 1871 Nun

229 1904 296 1936 est,
333 1907 394 1940 pro
426 1896 548 1929 Lamed
578 1896 691 1929 haberi
720 1906 824 1938 posse.
871 1894 993 1933 Quarta
1021 1904 1127 1928 autem
1150 1908 1262 1940 versus
1283 1897 1388 1941 figura
1411 1899 1506 1930 nimis
1527 1899 1745 1929 sinistrorsum
1768 1894 1854 1927 flexa

229 1961 295 1992 est,
330 1964 424 1995 quam
458 1960 492 1985 ut
521 1955 536 1985 l
561 1954 663 1985 videri
694 1955 805 1996 possit.
858 1953 944 1985 Dein
974 1955 1044 1996 quis
1072 1953 1154 1985 ferat
1175 1953 1272 1986 talem
1294 1956 1502 1986 sententiam:
1534 1962 1647 1986 servm
1670 1958 1744 1985 tuus
1767 1952 1853 1994 (est)

221 2010 321 2049 filius
349 2013 467 2041 uxoris
496 2009 551 2041 Th.
582 2010 612 2041 b.
634 2021 694 2049 ae,
738 2020 834 2053 quum
856 2016 998 2049 constet,
1038 2009 1063 2041 ’ν
1093 2011 1115 2040 i.
1139 2021 1166 2042 e.
1201 2016 1284 2052 Ἱππ
1317 2010 1435 2053 ubique
1465 2021 1537 2042 eum
1561 2008 1763 2053 significare,
1801 2009 1854 2051 qui

230 2073 469 2098 monumentum
486 2067 636 2108 posuerit.
679 2065 802 2098 Veram
824 2065 995 2098 lectionem
1011 2067 1125 2098 suadet
1138 2066 1302 2099 titulorum
1322 2066 1567 2099 Numidicarum
1581 2067 1664 2098 sexti
1678 2073 1711 2096 et
1728 2065 1853 2107 septimi

229 2121 368 2155 collatio.
412 2122 485 2154 Hae
507 2123 592 2154 enim
616 2123 783 2154 ordiuntur
806 2133 826 2154 a
847 2122 1000 2154 formula:
1031 2124 1077 2157 ξω
1100 2132 1135 2166 3:
1150 2122 1183 2158 ’Ν
1198 2121 1226 2156 '9
1242 2132 1301 2168 μυ
1323 2122 1376 2154 vel
1390 2126 1436 2159 bxv
1456 2132 1491 2167 ἴῃ
1505 2122 1534 2155 ’.ν
1551 2122 1581 2156 ’κ
1597 2130 1656 2167 3³²³
1676 2121 1853 2153 immolavit

229 2189 341 2211 servus
353 2183 439 2218 tuus,
455 2178 603 2210 domine!
627 2179 790 2220 (dominel
807 2189 920 2211 servus
937 2180 1029 2220 tuus)
1041 2179 1154 2218 filium
1170 2183 1227 2212 τοῦ
1244 2204 1252 2212 .
1266 2204 1274 2212 .
1288 2205 1295 2212 .
1305 2203 1314 2220 ,
1338 2181 1390 2212 cui
1405 2179 1568 2212 simillima
1582 2180 1683 2211 oritur
1695 2179 1727 2208 in
1743 2184 1852 2208 nostro

228 2235 352 2278 lapide,
376 2236 514 2267 simodo
532 2241 677 2278 quartum
693 2242 724 2267 et
737 2236 880 2278 quintum
898 2236 1025 2277 signum
1041 2237 1136 2268 unius
1153 2236 1279 2268 litterae
1303 2238 1317 2277 (
1332 2236 1412 2280 Tet)
1434 2236 1611 2279 fragmenta
1635 2244 1706 2265 esse
1727 2231 1853 2264 intelle-

226 2295 327 2330 xeris,
350 2293 394 2323 ita
411 2292 638 2331 restituendae,
660 2298 695 2323 ut
708 2302 768 2323 nos
784 2293 908 2334 punctis
925 2291 1186 2334 significavimus.
1230 2292 1383 2325 Nostrum
1401 2294 1503 2324 enim:
1527 2293 1544 2326 b
1560 2299 1620 2333 790
1638 2298 1673 2334 7:
1686 2288 1716 2322 ¹5
1740 2289 1780 2320 ab
1795 2288 1852 2320 illa

194 2387 198 2391 ῃ
229 2346 369 2379 formula
383 2349 513 2380 nonnisi
525 2348 698 2380 verborum
707 2347 918 2380 collocatione
934 2355 966 2380 et
981 2359 1022 2379 eo
1038 2349 1159 2388 differt,
1176 2350 1261 2392 quod
1276 2359 1298 2383 κ
1312 2349 1421 2392 (ww)
1435 2349 1531 2390 idque
1546 2348 1624 2379 satis
1640 2345 1848 2389 superfluum,

229 2405 383 2436 omissum
398 2412 454 2436 est.
486 2403 581 2442 Quod
597 2404 758 2436 obiectum
773 2413 808 2446 3:
827 2404 858 2436 h.
874 2404 897 2436 l.
913 2404 1012 2436 verbo
1027 2407 1238 2447 praemissum
1253 2413 1311 2445 est,
1334 2416 1428 2437 nemo
1442 2404 1621 2442 mirabitur,
1645 2404 1698 2446 qui
1712 2408 1848 2444 reputet,

231 2462 264 2492 in
286 2459 348 2491 hoc
363 2458 487 2492 obiecto
499 2462 702 2504 praecipuam
721 2462 898 2493 sententiae
912 2462 977 2493 vim
992 2462 1099 2493 inesse
1109 2484 1119 2500 ‚
1144 2468 1176 2493 et
1189 2472 1260 2494 eam
1273 2463 1373 2505 ipsam
1396 2460 1639 2492 collocationem
1662 2458 1767 2500 (subj.
1783 2457 1849 2500 obj.

231 2515 382 2558 verbnm)
411 2516 491 2549 adeo
519 2519 590 2549 sine
618 2516 675 2549 tali
696 2528 810 2550 caussa
832 2519 982 2560 reperiri,
1011 2525 1045 2550 nt
1066 2517 1133 2550 Jes.
1158 2521 1208 2557 13,
1233 2522 1288 2550 18:
1320 2516 1463 2565 Ηραξτῇη
1487 2524 1575 2564 Ε’Ἶξξ
1598 2518 1729 2563 ηῆηπξῆ,
1753 2515 1848 2546 Prov-

233 2576 269 2612 1,
293 2575 329 2605 5:
370 2581 445 2620 ,7373ss
480 2574 606 2623 ¹155qu
635 2578 711 2620 γῆς.
764 2573 878 2618 Neque
914 2575 1015 2618 magis
1045 2574 1158 2617 aliquis
1187 2576 1219 2606 in
1242 2585 1280 2605 eo
1306 2574 1454 2612 haereat,
1493 2573 1577 2616 quod
1599 2581 1635 2617 3:
1658 2583 1677 2604 a
1699 2571 1849 2604 Genitivo
