2242 2976
607 276 823 310 HISTORIA
843 276 1116 310 LITTERARIA
1138 276 1198 310 ET
1220 277 1578 311 BIBLIOGRAPHIA.
1883 280 1907 315 7

455 373 624 403 Gna-snm
654 383 691 403 m
714 374 956 403 Tonnzuuzu
989 370 1040 411 (v.
1067 373 1179 412 supra)
1207 371 1334 402 Siciliae
1358 372 1550 415 populorum,
1584 372 1716 408 urbium,
1749 382 1849 412 regum
1878 380 1906 401 et

365 431 558 465 tyrannorum
586 431 696 456 ,veteres
732 424 822 455 numi.
868 424 949 457 Cum
972 426 1032 454 107
1055 424 1138 453 tabb.
1184 425 1327 456 Panormi
1359 427 1452 455 1781.
1492 425 1548 458 fol,
1593 423 1775 454 Auctarium
1800 425 1826 454 1.
1858 423 1901 452 Il.

372 479 468 508 1789.
493 477 587 506 1791.

447 542 532 571 Ltus
555 540 681 570 Josxru
703 540 911 578 VtLAsquzz
942 537 1063 580 Ensayo
1091 539 1177 568 sobre
1206 537 1253 569 las
1276 537 1366 571 len-as
1388 552 1440 580 que
1461 552 1492 568 se
1512 531 1687 570 encaentrim
1709 553 1743 570 en
1766 542 1904 581 amiguas

367 591 512 622 medullas
526 602 550 633 y
572 597 771 624 monumentos
793 588 829 619 de
851 588 984 630 Espatia.
1029 590 1151 619 Madrid
1176 592 1269 620 1752.
1316 590 1348 619 4.

455 657 615 687 Mucium.
633 665 654 685 A
670 655 838 685 chzAY:
871 654 974 684 Mum·
987 653 1210 684 Hedervariani
1230 656 1260 684 in
1278 654 1442 695 Hungaria'
1462 667 1564 686 numos
1587 657 1723 697 antiquo-5
1739 655 1906 696 descripsit,

370 707 527 739 anecdotos
550 713 578 737 et
596 718 702 747 parum
726 707 859 746 cognitos
876 704 975 736 *incidi
996 707 1113 736 curavit
1135 707 1182 735 M.
1212 717 1230 735 a
1255 707 1313 737 W.
1359 708 1497 737 vindob.
1524 708 1618 737 1814.
1662 711 1681 737 2
1702 708 1788 738 Voll.
1830 707 1861 737 4.

1047 824 1074 861 θ.
1105 826 1136 854 4.

411 898 525 931 Altero
546 897 669 931 saeculi
691 899 793 930 nostri
815 899 971 931 decennio
992 900 1033 931 ad
1054 899 1153 930 finem
1176 906 1328 942 vergente
1351 900 1391 931 ad
1415 899 1616 942 phoeniciam
1639 910 1763 943 quoque
1782 899 1909 942 palaeo-

282 954 449 997 graphiam
472 957 614 987 animum
637 954 799 997 applicare
821 957 927 997 coepit
948 955 1145 987 Urunmcus
1167 955 1373 987 annmcus
1394 956 1566 996 Koppms,
1588 958 1757 989 universae
1779 955 1909 998 palaeo-

283 1010 437 1053 graphiae
458 1013 491 1043 in
514 1013 625 1054 paucis
647 1013 790 1054 peritus,
813 1011 965 1043 hebraice
988 1012 1044 1044 vix
1065 1012 1269 1043 mediocriter
1290 1012 1422 1051 doctus,
1449 1014 1540 1045 cuius
1564 1014 1604 1045 de
1627 1015 1783 1055 scriptura
1805 1011 1909 1044 Phoe·

284 1068 391 1098 uicum
411 1066 650 1099 lucubrationes
673 1068 817 1110 quamvis
839 1070 976 1111 exiguae
1004 1078 1120 1100 novam
1151 1068 1219 1100 fere
1248 1069 1281 1100 in
1313 1068 1374 1100 hoc
1404 1069 1583 1101 studiorum
1612 1080 1731 1112 genere
1753 1068 1909 1111 epocham

283 1125 491 1156 constituunt.
518 1120 640 1155 ‘Etiam
671 1131 767 1166 atque
796 1125 893 1156 etiam
923 1126 951 1156 is
982 1131 1124 1156 veterum
1156 1132 1435 1157 monumentorum
1463 1124 1692 1168 interpretibus
1717 1124 1910 1162 inculcabat,

284 1186 358 1212 ante
374 1182 483 1212 omnia
499 1187 584 1212 recte
601 1179 738 1223 legenda
754 1191 842 1219 esse,
872 1191 952 1224 quae
970 1180 1135 1224 explicare
1152 1180 1249 1213 velis:
1274 1181 1418 1225 singulas
1441 1180 1564 1214 litteras
1583 1193 1602 1214 a
1623 1181 1786 1214 similibus
1810 1179 1910 1223 probe

285 1236 530 1269 discernendas:
553 1238 659 1270 varias
684 1238 862 1279 scripturae
885 1237 1004 1269 classes
1026 1238 1287 1281 distinguendas:
1316 1249 1490 1281 omnesque
1510 1237 1626 1270 alacris
1649 1239 1772 1281 ingenii
1795 1247 1911 1268 nervos

286 1304 351 1326 non
382 1294 452 1325 sine
481 1293 584 1325 fructu
612 1294 770 1333 intendit,
801 1301 835 1325 ut
858 1293 1099 1337 Philologorum
1129 1296 1254 1327 animos
1285 1296 1319 1327 in
1350 1302 1451 1327 artem
1473 1294 1773 1338 palaeographicam
1793 1286 1822 1326 *a
1844 1292 1910 1336 ple-

286 1351 394 1392 risque
408 1350 524 1381 mirum
539 1356 691 1391 quantum
705 1349 884 1392 neglectam
899 1358 1111 1384 converteret.
1143 1350 1188 1383 At
1199 1350 1475 1394 palaeographiae,
1494 1363 1572 1394 quas
1587 1352 1805 1389 constituerat,
1820 1349 1910 1392 leges

286 1406 448 1439 mordicus
470 1412 584 1437 tenens
603 1416 703 1448 saepe
732 1406 766 1436 in
788 1405 918 1448 linguae
939 1417 1078 1437 canones
1099 1407 1228 1449 iniquus
1250 1407 1313 1439 fuit
1334 1409 1538 1450 graviterque
1566 1409 1726 1450 peccavit„
1759 1413 1806 1445 et,
1836 1405 1911 1437 licet

286 1461 386 1494 alieni
407 1462 533 1493 erroris²
549 1462 657 1502 (saepe
679 1462 776 1493 etiam
797 1463 932 1503 opinati)
956 1463 1181 1503 cupidissimus
1203 1473 1318 1495 censor
1342 1469 1374 1494 et
1394 1464 1554 1495 interdum
1569 1474 1734 1502 morosus,
1758 1473 1823 1497 non
1837 1473 1909 1494 raro

285 1526 392 1550 tamen
413 1519 484 1560 ipse
508 1518 541 1549 in
563 1517 880 1559 interpretationibus
902 1519 969 1549 suis
986 1518 1193 1549 enormitates
1216 1519 1357 1557 admisit,
1379 1529 1461 1561 quae
1477 1526 1508 1550 et
1524 1518 1654 1560 linguae
1670 1525 1703 1550 et
1721 1528 1910 1550 monumen-

285 1579 390 1607 torum
409 1572 589 1613 rationibus
610 1572 705 1615 plane
725 1574 982 1606 adversarentur.

458 1643 591 1674 Unum.
615 1644 714 1683 Fam.
738 1644 833 1678 Korr
857 1638 1215 1685 (Has'so-casseuanus,
1239 1643 1374 1683 primum
1397 1643 1535 1673 Electori
1555 1643 1593 1688 ab
1618 1643 1756 1683 epistolis
1778 1644 1911 1673 sanctio-

371 1695 477 1731 ribus,
506 1694 578 1724 dein
599 1694 633 1723 in
656 1695 718 1723 otio
738 1694 888 1724 litterario
909 1695 1018 1724 vivens
1041 1694 1251 1731 Mannhemfi,
1276 1693 1298 1731 †
1322 1691 1435 1735 1834):
1472 1693 1578 1724 Bilder
1600 1693 1660 1724 und
1681 1693 1836 1736 Schriften
1857 1693 1912 1725 der

372 1744 507 1775 Vorzeit.
539 1746 580 1774 T.
598 1746 626 1775 Ι.
655 1744 848 1784 (Mannheim
866 1749 959 1776 1819.
995 1745 1041 1786 8.)
1072 1747 1135 1775 No.
1152 1746 1208 1776 IV.
1242 1743 1439 1775 Phiinizische
1451 1744 1636 1787 Insclzrif'ten
1658 1756 1725 1786 pag.
1743 1746 1909 1776 194—272

373 1796 526 1835 (continet
540 1796 771 1826 observationes
788 1797 821 1826 in
836 1797 938 1826 Melit.
955 1800 985 1827 1.
1002 1801 1033 1827 2.
1058 1797 1174 1826 Athen.
1194 1800 1223 1826 1.
1241 1801 1273 1826 et
1290 1800 1327 1826 13
1345 1794 1451 1836 Citt.).
1477 1797 1517 1826 T.
1536 1797 1580 1826 II.
1605 1788 1799 1838 (Mannheim
1815 1796 1910 1836 1821)

369 1847 432 1876 No.
450 1847 511 1877 IV:
542 1845 765 1887 Entwickelung
787 1846 840 1876 der
860 1847 1043 1877 semitischen
1063 1847 1234 1890 Schriften,
1257 1848 1345 1876 cuius
1360 1852 1506 1877 tractatus
1521 1848 1614 1877 sectio
1632 1849 1730 1888 prima
1750 1859 1781 1887 p.
1802 1851 1911 1880 178——

373 1901 435 1927 220
457 1897 519 1937 agit
541 1898 579 1926 de
600 1899 751 1937 scriptura
768 1898 939 1938 phoenicia,
965 1904 995 1928 et
1010 1900 1111 1929 varios
1127 1909 1269 1928 nummos
1283 1903 1404 1928 tractat.
1425 1917 1468 1922 —
1496 1898 1715 1940 Bemerkungen
1732 1898 1803 1928 iiber
1819 1901 1912 1940 einige

369 1947 510 1989 puni-eche
532 1946 761 1990 Steinschrff'fien
783 1961 836 1978 aus
858 1948 1036 1990 Karthago,
1060 1961 1090 1980 v.
1112 1950 1150 1979 ad
1170 1933 1223 1979 n'0.
1248 1950 1298 1981 47.

413 2013 509 2052 Quod
537 2013 688 2056 Koppius
716 2016 906 2047 accenderat
937 2017 1042 2064 acrius
1065 2014 1339 2058 *palaeographiae
1369 2017 1508 2051 studium
1540 2026 1618 2048 mox
1646 2027 1732 2048 nova
1759 2015 1911 2060 largaque

286 2073 420 2103 materia
443 2071 597 2102 nutritum
619 2077 669 2101 est
690 2072 830 2103 maxime
849 2083 891 2103 ex
911 2071 1041 2104 Africae
1064 2074 1130 2104 oris
1151 2073 1291 2105 advecta.
1336 2071 1430 2110 Quod
1446 2074 1532 2104 enim
1549 2072 1590 2104 ab
1606 2072 1766 2113 omnibus,
1791 2075 1845 2116 qui
1860 2073 1912 2106 his

284 2127 401 2160 litteris
423 2127 506 2159 bene
530 2133 703 2168 cuperent,
727 2128 780 2159 diu
804 2128 1018 2160 desideratum
1040 2135 1126 2168 erat,
1149 2134 1183 2160 ut
1206 2127 1298 2171 plura
1320 2139 1421 2172 eaque
1441 2130 1564 2162 maiora
1580 2129 1709 2173 linguae
1723 2130 1911 2173 phoeniciae

285 2191 319 2216 et
340 2185 476 2226 punicae
497 2175 704 2215 m'onumenta
726 2195 767 2215 ex
790 2191 894 2215 terrae
916 2186 1041 2231 gremio
1064 2192 1264 2228 emergerent
1291 2191 1323 2216 et
1350 2186 1384 2217 in
1414 2184 1520 2218 lucem
1542 2186 1706 2229 publicam
1730 2188 1910 2226 ederentur,

284 2240 318 2272 id
340 2246 467 2282 praeter
489 2242 760 2283 exspectationem
783 2242 900 2272 evenit.
945 2240 1032 2273 Tum
1055 2243 1088 2273 in
1111 2242 1191 2284 ipsis
1213 2242 1331 2273 veteris
1355 2240 1561 2285 Carthaginis
1584 2245 1763 2286 parietinis,
1786 2250 1854 2275 tum
1876 2245 1910 2274 in

285 2300 405 2332 vicinia
427 2299 553 2332 urbium
577 2300 703 2332 Bedsch
735 2292 815 2350 (gl-e,
838 2299 967 2333 Vaccae
986 2304 1143 2343 veterum)
1160 2307 1192 2332 et
1207 2299 1290 2332 Keff
1306 2295 1403 2342 (ΟΕ,
1434 2302 1545 2334 Siccae
1567 2304 1724 2345 veterum)
1755 2310 1847 2346 atque
1876 2304 1910 2334 in

286 2357 351 2388 oris
367 2355 577 2398 Tripolitanis
593 2368 612 2388 a
629 2356 740 2388 BAnu
754 2355 864 2399 (vulgo
880 2356 935 2388 Ali
950 2356 1044 2400 Ray),
1068 2357 1222 2390 CAMILLO
1241 2352 1371 2391 Bonan
1389 2360 1516 2399 comite,
1532 2359 1734 2400 Humanam,
1750 2359 1908 2397 Teuma,

285 2412 426 2452 Fumo,
449 2412 636 2452 Scunnmo,
660 2412 819 2445 Tamum
843 2413 929 2446 haud
950 2424 1052 2456 pauca
1067 2425 1227 2447 marmora
1244 2414 1360 2448 litteris
1377 2417 1493 2457 partim
1508 2417 1652 2459 punicis,
1674 2417 1790 2459 partim
1805 2415 1909 2447 numi-

287 2469 367 2501 dicis
388 2470 543 2511 iuscripta
577 2469 709 2501 effossa'
725 2476 818 2509 sunt,
853 2471 886 2501 in
917 2470 1078 2509 Londini‚
1112 2471 1263 2514 Lugduni
1284 2479 1316 2504 et
1338 2472 1487 2504 Hauniae
1509 2472 1627 2504 Musea
1647 2472 1772 2511 delata,
1806 2477 1837 2501 et
1858 2469 1910 2500 vel

288 2524 328 2557 ab
358 2526 436 2567 ipsis
463 2525 704 2564 inventoribus,
738 2525 789 2557 vel
818 2537 838 2558 a
865 2526 1056 2558 Munnmno
1086 2534 1119 2559 et
1145 2527 1339 2566 Harum-mo.
1365 2529 1459 2561 edita.
1501 2527 1716 2561 Accesserunt
1743 2528 1805 2560 duo
1827 2536 1910 2558 nova

286 2579 483 2621 Melitensis,
504 2593 602 2613 unum
625 2581 804 2622 sardicam,
827 2594 1017 2625 papyrorum
1039 2584 1119 2616 adeo
1141 2583 1563 2628 phoenicio-aegyptiorum
1583 2586 1762 2628 fragmenta
1777 2582 1909 2616 detecta.

288 2635 353 2668 Sed
368 2647 431 2669 nou
448 2638 572 2677 eadem,
596 2649 676 2681 quae
695 2640 903 2679 inventionis,
925 2641 1020 2672 etiam
1033 2641 1304 2683 interpretationis
1321 2641 1458 2675 felicitas
1471 2643 1541 2674 fuit.
1577 2640 1716 2672 Nonnisi
1729 2648 1810 2681 quae
1825 2640 1908 2671 veris
