2242 2976
358 286 434 323 298
504 283 636 316 LIBER
659 281 864 317 TERTIUS.
907 280 968 313 DE
990 279 1132 312 NUMIS
1154 278 1421 312 PHOENICIIS.
1465 279 1611 314 CAPUT
1632 279 1850 315 TERTIUM.

361 390 418 422 per
446 389 481 410 se
511 387 574 408 non
606 377 746 417 ineptum
775 382 839 406 est:
880 374 937 406 sed
969 374 1062 405 tertia
1091 372 1198 404 littera
1215 375 1253 422 ¹in
1277 372 1434 416 exemplis
1457 373 1738 406 Parisiuis'Rescb
1760 385 1832 406 esse
1854 375 1977 417 nequit.
2042 379 2046 383 '

361 435 475 476 Longe
498 440 602 463 autem
627 442 645 462 a
669 442 743 463 vero
760 430 893 462 ‘aberrat
915 429 1138 469 Hamakerus,
1171 432 1225 473 qui
1249 431 1362 470 (diatr.
1385 442 1414 472 p.
1437 431 1501 471 41)
1530 438 1619 463 &zum
1641 429 1720 473 legit
1741 436 1775 462 et
1795 430 1979 474 Hipponem

360 490 490 523 Africae
509 487 677 530 intelligit,
711 485 793 518 salsa
814 485 973 518 Mionneti
995 486 1211 519 delineatione
1233 486 1319 530 (tab.
1343 490 1396 525 20,
1418 497 1471 518 ηο.
1496 488 1558 528 22)
1583 487 1752 528 deceptus,
1777 487 1815 518 in
1836 497 1899 529 qua
1917 496 1979 530 pro

361 547 464 588 prima
483 544 588 576 littera
611 543 697 575 Mem
722 545 841 585 pictum
863 550 912 575 est
932 543 1061 585 Aleplt‚
1099 554 1157 586 pro
1186 544 1280 575 tertia
1301 542 1396 574 Beth.
1440 542 1504 574 Sed
1527 549 1673 585 poterant
1697 542 1776 574 baec
1798 543 1917 585 corrigi
1936 552 1981 574 ex

360 601 460 633 altero
484 599 632 643 exemplo
656 611 709 632 no.
734 602 785 632 23.
1932 598 1934 602 ’

913 706 1023 739 ΧΙΙῙ.
1082 703 1430 738 COSSURA.

491 792 650 831 Corcura,
686 792 827 830 Cosam,
861 791 978 831 Cosq'ra
1009 790 1181 833 (Κόσσυρα
1211 789 1291 822 Ptol.
1312 794 1351 829 4,
1374 792 1412 830 3,
1450 789 1620 833 Κοσσοῦρα
1650 789 1757 822 Strab.
1780 788 1830 821 VI
1857 799 1887 832 p.
1912 790 1984 827 1⁹¹,

360 847 505 891 Κόσυρος
526 848 638 892 Steph.
662 848 762 890 Byz.)
786 859 883 891 parva
903 855 954 879 est
975 847 1082 879 insula
1104 858 1175 878 cum
1202 846 1281 878 urbe
1305 847 1495 890 cognomine
1517 848 1600 878 inter
1623 845 1831 888 Lilybaeum,
1854 843 1986 877 Siciliae

362 907 638 948 promontorium,
674 912 705 936 et
727 904 870 936 Africam
893 905 973 943 sita,
1011 904 1106 935 hodie
1129 901 1324 935 Pantellaria
1346 903 1431 935 dicta
1452 910 1484 935 et
1506 902 1599 946 plane
1622 903 1766 942 deserta,
1805 901 1882 934 olim
1910 899 1986 933 llobt

361 961 481 994 sterilis
508 960 626 1003 (Ovid.
648 961 736 993 Fast.
759 964 798 999 3,
822 961 903 1002 567)
932 968 1037 992 tamen
1067 959 1211 991 habitata
1241 966 1273 990 et
1304 959 1388 991 haud
1411 960 1478 991 scio
1501 970 1542 991 an
1565 958 1766 1002 metallurgis
1789 956 1922 996 nobilis,
1950 956 1987 988 id

360 1018 446 1060 quod
477 1016 594 1060 colligo
623 1019 736 1060 partim
767 1027 808 1049 ex
839 1016 948 1048 Cabiri
979 1017 1118 1059 imagine
1147 1016 1180 1046 iu
1205 1014 1313 1046 multis
1341 1016 1445 1046 numis
1468 1022 1670 1057 comparente
1699 1015 1751 1058 (v.
1773 1013 1832 1046 litt.
1855 1011 1984 1052 E-0‚

360 1074 401 1106 cs.
424 1074 509 1105 infra
532 1085 645 1105 numos
668 1072 852 1114 Malacae),
888 1074 1005 1115 partim
1034 1083 1074 1103 ex
1105 1073 1211 1103 numis
1234 1073 1344 1103 aeneis
1367 1082 1483 1114 magna
1505 1073 1598 1114 copia
1620 1072 1652 1102 in
1676 1070 1736 1102 hac
1757 1069 1862 1102 insula
1884 1070 1982 1108 cusis,

361 1131 414 1172 qui
443 1129 509 1161 late
540 1141 596 1172 per
627 1140 700 1161 oras
732 1130 828 1160 maris
854 1129 1078 1160 mediterranei
1110 1128 1307 1159 disseminati
1339 1138 1411 1159 esse
1444 1128 1600 1159 videntur·
1643 1126 1797 1159 Permulti
1819 1128 1852 1158 in
1875 1132 1984 1157 vetere

360 1185 483 1218 Tolosa
513 1187 629 1228 reperti
659 1192 734 1217 sunt
763 1185 809 1227 (v.
840 1184 1010 1225 d'Ennery
1038 1182 1206 1226 catalogue
1234 1194 1263 1225 p.
1285 1183 1389 1225 113):
1428 1193 1530 1225 paene
1559 1183 1788 1226 quinquaginta
1813 1183 1846 1214 in
1877 1180 1985 1214 insula

361 1241 508 1274 Minorca
531 1242 584 1284 (v.
609 1242 771 1273 Amano
791 1250 904 1271 nsum
927 1239 1099 1271 Mutuom
1117 1239 1238 1281 Saggio
1260 1249 1355 1281 sopra
1376 1238 1488 1270 alcone
1511 1246 1636 1270 monete
1659 1238 1776 1270 fenicie
1798 1237 1882 1270 delle
1903 1235 1986 1270 isole

360 1297 500 1330 Baleari.
531 1297 657 1329 Tor-ino
682 1300 773 1328 1834.
797 1300 836 1335 4,
859 1307 930 1339 pag.
949 1298 989 1335 8,
1026 1295 1067 1327 cs.
1090 1294 1295 1338 premerid.
1317 1294 1377 1327 litt.
1400 1294 1476 1327 Hal.
1501 1298 1583 1328 1836
1604 1306 1658 1328 no.
1682 1295 1776 1338 100).

487 1366 646 1410 Exempla
675 1366 789 1399 borum
819 1377 989 1399 numorum
1010 1367 1180 1399 ediderunt
1201 1365 1390 1399 d’Orvillius
1414 1366 1447 1397 in
1469 1364 1588 1397 Siculis
1615 1365 1679 1398 tab.
1705 1368 1755 1405 15,
1777 1376 1829 1397 uo.
1854 1383 1892 1389 —
1922 1366 1981 1409 10,

361 1423 540 1462 Castellus‚
565 1422 695 1455 Siciliae
712 1431 773 1455 vet.
791 1425 897 1462 numi,
921 1423 985 1454 tab.
1000 1425 1052 1455 96.
1090 1411 1313 1464 Barthelemy,
1337 1424 1371 1454 in
1386 1421 1479 1454 lettre
1495 1423 1515 1453 a
1529 1421 1667 1454 Olivie'eri
1690 1421 1752 1454 tab.
1775 1425 1815 1461 4,
1839 1420 1986 1453 Swinton

361 1481 393 1511 in
424 1479 545 1511 Philos.
576 1478 808 1512 Transactions
831 1479 941 1512 LVIII
971 1491 1000 1522 p.
1029 1482 1110 1517 235,
1146 1478 1251 1521 Bayer
1273 1480 1313 1511 ad
1337 1477 1466 1510 Sallust.
1498 1489 1527 1521 p.
1556 1481 1617 1510 364
1650 1478 1714 1521 (ef.
1737 1489 1769 1520 p.
1791 1480 1828 1510 31
1853 1488 1921 1520 sqq.
1953 1482 1987 1508 et

360 1535 423 1568 tab.
454 1540 469 1568 1
508 1537 558 1569 ed.
585 1537 720 1578 gemb).
765 1535 904 1568 Pellerin
937 1535 1000 1573 111,
1031 1535 1095 1568 tab.
1125 1539 1176 1568 97.
1221 1535 1411 1575 Neumann,
1449 1536 1539 1567 numi
1574 1534 1688 1567 inediti
1721 1533 1761 1566 Τ.
1794 1533 1823 1566 II
1860 1533 1925 1566 tab.
1952 1535 1984 1565 4.

361 1591 509 1624 Mionnet
532 1590 574 1623 T.
597 1591 621 1623 1.
646 1603 676 1634 p.
699 1594 772 1624 340.
797 1591 858 1623 tab.
882 1595 934 1630 20,
958 1602 1011 1623 no.
1034 1594 1087 1623 51.

488 1661 625 1694 Ratione
655 1661 846 1705 epigraphes
875 1662 1014 1694 Punicae
1044 1668 1109 1694 tres
1129 1672 1238 1694 earum
1261 1661 1382 1694 classes
1405 1660 1646 1693 constituendae
1670 1661 1831 1693 videntur:

492 1736 520 1764 1.
569 1732 676 1774 Caput
708 1733 854 1764 mulieris
876 1735 1060 1774 peregrino
1087 1732 1177 1764 cultu
1207 1731 1254 1763 ad
1281 1735 1449 1764 tinini-ant
1478 1732 1531 1771 (iu
1562 1730 1737 1763 Parisiensi
1765 1729 1916 1773 exemplo
1945 1730 1986 1763 ad

362 1789 502 1830 dextr.)‚
529 1796 602 1820 ante
620 1789 796 1821 victor-iola
817 1789 970 1820 corollam
988 1799 1074 1831 prae
1095 1799 1130 1820 ee
1141 1787 1284 1827 serem,
1309 1799 1389 1831 quae
1412 1789 1445 1819 iu
1460 1786 1533 1819 aliis
1549 1787 1650 1818 deest.
1675 1787 1703 1828 )(
1734 1785 1821 1818 Intra
1837 1797 1987 1820 coronam
2020 1780 2023 1787 ‘

363 1846 508 1875 lauream
545 1847 685 1887 quinque
724 1844 848 1876 litterae
883 1840 1035 1877 Punicae.
1087 1843 1172 1876 Vide
1200 1843 1262 1876 litt.
1289 1844 1318 1876 A
1349 1844 1389 1876 ad
1419 1841 1602 1885 exemplum
1632 1841 1815 1881 Pellerinii,
1849 1844 1986 1886 quocum

361 1901 520 1930 consentit
542 1900 739 1939 parisiense,
765 1902 828 1932 nisi
849 1901 933 1943 quod
955 1907 1050 1943 caput
1072 1899 1229 1933 muliebre
1251 1902 1283 1932 in
1307 1902 1413 1932 antica
1435 1901 1475 1933 ad
1497 1901 1642 1932 dextram
1660 1906 1800 1941 spectat;
1823 1898 1884 1932 litt.
1902 1898 1928 1931 B
1945 1899 1986 1931 ad
2025 1930 2027 1934 Α

362 1955 543 1997 exemplum
568 1954 685 1996 Bayeri
709 1955 774 1986 tab.
801 1960 829 1994 1,
853 1968 906 1988 no.
932 1960 962 1990 7.
992 1956 1052 1989 litt.
1077 1957 1101 1989 C
1124 1957 1164 1988 ad
1187 1967 1240 1988 ex.
1263 1957 1440 1989 Swintonis
1462 1955 1485 1988 l.
1509 1967 1536 1987 c.

492 2025 554 2057 His
577 2024 733 2067 exemplis
756 2027 839 2057 inter
861 2037 896 2057 se
919 2034 951 2058 et
973 2038 1045 2059 cum
1068 2029 1209 2060 secunda
1229 2027 1332 2059 classe
1356 2028 1546 2069 comparatis
1572 2036 1664 2057 nemo
1685 2023 1862 2056 litterarum
1884 2022 1986 2056 Phoe—

363 2082 518 2113 niciarum
543 2080 593 2112 vel
616 2082 819 2113 mediocriter
840 2083 964 2124 peritus
987 2083 1161 2122 dubitabit,
1197 2084 1273 2126 quin
1296 2081 1469 2125 epigraphe
1490 2081 1628 2125 legenda
1650 2083 1693 2113 sit

1110 2160 1235 2195 0³:1³&

489 2231 615 2263 Etenim
643 2232 753 2274 Aleplt
782 2234 815 2264 in
846 2232 907 2264 litt.
941 2232 967 2264 B
1001 2232 1132 2276 vulgare
1162 2241 1229 2272 est,
1264 2234 1297 2265 in
1327 2232 1388 2264 litt.
1420 2232 1450 2264 A
1479 2239 1511 2264 et
1533 2230 1560 2262 C
1589 2234 1659 2263 eius
1681 2231 1829 2273 generis,
1859 2230 1898 2261 de
1921 2241 1984 2272 quo

364 2291 481 2322 dictum
505 2295 554 2319 est
574 2286 631 2318 lib.
647 2287 662 2318 Ι
683 2290 710 2326 §.
729 2292 767 2319 12
791 2300 839 2320 no.
860 2293 874 2320 1
888 2292 965 2321 -3.
990 2292 1145 2328 13-20,
1170 2290 1224 2321 ubi
1244 2291 1313 2321 eius
1332 2296 1471 2332 potestas
1487 2287 1601 2330 Alepb‘
1616 2281 1702 2329 (non
1719 2285 1839 2331 Κορῆ)
1855 2285 1988 2318 abunda·

362 2345 498 2390 probata
520 2351 578 2375 est.
631 2343 778 2374 Secunda
799 2344 904 2376 littera
925 2345 992 2376 Jod
1013 2356 1075 2377 non
1099 2347 1203 2378 minus
1226 2354 1313 2378 certa
1331 2353 1399 2384 est,
1438 2352 1469 2376 et
1491 2352 1556 2376 tres
1578 2345 1686 2375 variae
1707 2342 1830 2385 figurae
1854 2344 1984 2385 egregie

362 2413 398 2434 se
433 2402 571 2433 invicem
608 2399 768 2431 illustrant
799 2400 858 2441 (cf.
887 2400 939 2432 lib.
969 2401 983 2432 I
1018 2403 1046 2440 §.
1078 2405 1139 2441 21,
1177 2413 1227 2434 ιιο.
1257 2405 1287 2435 9.
1320 2405 1370 2434 20.
1397 2401 1476 2444 22):
1515 2402 1608 2432 tertia
1634 2398 1741 2430 littera
1769 2398 1803 2429 in
1835 2397 1984 2441 exemplo

364 2457 527 2490 Pellerinii
553 2456 613 2487 litt.
641 2455 749 2488 Rewh
780 2456 881 2487 videri
904 2458 1020 2498 possit,
1060 2459 1117 2490 sed
1150 2460 1182 2489 in
1217 2457 1366 2490 omnibus
1396 2457 1528 2500 reliquis
1559 2453 1734 2498 (B—O)
1771 2461 1802 2485 et
1832 2462 1985 2497 quotquot

363 2515 431 2557 ipse
466 2513 611 2555 inspexi,
655 2512 756 2544 cauda
791 2513 1010 2544 sinistrorsum
1045 2513 1131 2545 flexa
1167 2521 1238 2551 est,
1282 2521 1315 2545 ut
1354 2513 1400 2545 nil
1439 2513 1646 2545 dubitandum
1682 2512 1742 2550 sit,
1791 2521 1861 2542 eam
1899 2510 1985 2542 Beth
2050 2534 2053 2537 -

365 2571 543 2603 habendam
572 2580 661 2607 esse,
704 2571 773 2600 sive
803 2567 993 2600 Pellerinius
1024 2570 1143 2600 caiidae
1175 2569 1294 2600 flexum
1318 2569 1478 2612 neglexit,
1507 2569 1574 2600 sive
1595 2567 1676 2599 Beth
1700 2569 1732 2599 in
1757 2567 1817 2598 hoe
1833 2565 1983 2610 exemplo

365 2628 465 2658 cauda
487 2633 574 2658 recta
595 2626 713 2668 pictum
736 2632 802 2665 est,
833 2632 867 2656 ut
888 2626 957 2657 sine
980 2623 1176 2656 dubitatione
1199 2625 1318 2657 factum
1341 2633 1389 2658 est
1413 2623 1538 2667 Tripol.
1561 2628 1592 2664 2,
1618 2628 1632 2655 1
1661 2625 1713 2666 (ἰιι
1736 2625 1801 2664 ΞἻ)
1825 2624 1865 2656 cf.
1884 2634 1914 2666 p.
1931 2626 1981 2655 22.
