2242 2976
334 296 409 333 194
468 293 600 327 LIBER
613 291 860 326 SECUNDUS.
889 289 1223 324 INSCRIPTIONES
1240 290 1524 324 PHOENICIAE.
1552 291 1698 326 CAPUT
1713 291 1913 325 SEXTUM.
1953 276 1955 278 Ι

333 387 514 431 Templium
538 393 683 429 superest
704 386 812 425 illem,
842 386 924 428 apud
943 384 1096 429 Borgiam
1119 390 1283 427 praeterea
1304 391 1358 428 Θ,
1386 385 1441 417 sed
1459 383 1629 417 delendum
1647 385 1792 418 videatur
1806 393 1956 430 punctum

331 447 363 477 in
387 445 509 482 medio,
539 449 573 475 ut
589 442 695 475 Reeclt
714 444 765 475 sit.
809 450 853 477 nn
869 449 975 475 autem
993 450 1067 474 sunt
1085 442 1167 474 duae
1182 448 1346 474 extremae
1362 440 1488 473 litterae
1506 442 1645 473 nominis
1661 443 1778 484 proprii
1794 449 1957 479 nnn-mm.

463 542 538 573 Lin.
562 544 592 573 3.
637 539 683 573 Ut
706 552 723 572 a
746 541 859 573 dextra
883 541 1063 580 ordiamur,
1098 547 1171 583 post
1195 540 1258 572 duo
1284 541 1377 582 signa
1402 541 1526 572 incerta
1547 539 1667 583 (Borg.
1691 551 1754 572 non
1778 541 1840 572 nisi
1862 551 1960 574 unum

333 597 466 639 habet),
504 608 585 640 quae
611 598 788 644 mittimus,
825 605 1001 640 sequuntur
1032 597 1094 628 duo
1117 596 1230 636 filium
1260 597 1480 639 designantia,
1516 597 1590 629 dein
1622 607 1654 628 n.
1684 607 1732 639 pr.
1764 606 1870 630 mvn*
1906 597 1959 639 (v.

332 654 470 696 snpra),
508 661 539 685 et
570 662 639 696 post
669 655 814 685 iteratam
843 653 922 692 filit
957 654 1150 685 mentionem
1179 654 1240 685 tria
1268 654 1380 694 signa,
1418 663 1500 696 quae
1530 653 1726 695 respondent
1755 653 1883 686 Punicis
1914 659 1961 696 ἰη

334 718 365 742 et
385 721 495 753 regem
518 710 688 753 designare
704 710 833 742 debent.
878 709 1022 747 Quorum
1040 710 1175 752 primum
1192 717 1241 741 est
1253 708 1344 748 Phe,
1369 711 1496 741 tertium
1518 709 1627 752 Caph,
1650 710 1788 742 medium
1805 711 1962 753 ignotum,

335 767 460 798 duobus
488 766 611 798 Lamed
642 766 764 805 simile,
796 767 891 798 etiam
922 765 1000 798 alibi
1031 765 1110 808 (liu.
1137 768 1166 797 5.
1187 769 1217 798 6.
1240 758 1279 807 ⁶1⁴)
1309 765 1458 804 obvium,
1495 767 1551 798 sed
1581 767 1613 798 in
1636 766 1744 798 verbis
1767 776 1831 798 non
1857 767 1963 799 tuinu-
2008 754 2014 765 ἃ

335 822 491 854 obscuris.
536 822 687 854 Fortasse
709 822 788 854 illud
819 822 887 854 Veto
909 829 975 862 est,
1005 830 1036 853 et
1060 821 1230 864 legendum
1255 827 1312 866 *μυ
1337 821 1468 862 (Phela,
1491 821 1604 862 Book)
1629 829 1812 866 corruptum
1827 821 1905 854 illud
1921 832 1964 855 ex

337 880 421 922 75⁷2,
452 886 488 911 ut
508 881 540 910 in
563 879 718 917 BIoclme,
740 878 887 910 Bocchus
915 879 965 919 (v.
987 877 1040 909 lib.
1063 877 1112 909 lv
1132 889 1159 909 c.
1180 880 1199 909 3
1222 878 1254 912 h.
1275 879 1324 919 v.)
1339 901 1349 917 ‚
1387 879 1544 922 siquidem
1565 877 1677 921 lingua
1698 878 1823 920 Libyca
1841 878 1964 912 Punica

336 935 453 975 verba,
482 946 583 978 eaque
604 942 767 968 contracta
789 942 821 967 et
843 936 1027 974 decurtata,
1057 934 1226 976 adoptasse
1250 935 1385 966 videtur.

466 1030 516 1062 De
538 1030 595 1062 lin.
618 1035 640 1062 4
662 1031 759 1062 etiam
782 1032 814 1062 in
836 1030 971 1071 Libycis
994 1029 1146 1072 legenda:
1177 1030 1290 1064 bas-i:
1315 1030 1392 1074 (32)
1415 1030 1493 1063 *2³:112
1522 1031 1586 1062 iam
1609 1041 1707 1072 supra
1730 1031 1878 1062 vidimus.

466 1125 540 1157 Lin.
564 1129 582 1158 5
613 1137 633 1157 a
660 1127 791 1157 sinistra
821 1136 934 1157 manca
965 1125 1065 1157 videri
1090 1127 1209 1168 possit,
1247 1136 1344 1167 quum
1367 1124 1492 1157 litterae
1515 1136 1615 1168 usque
1638 1126 1678 1158 ad
1700 1127 1876 1168 marginem
1900 1123 1964 1157 non

341 1184 539 1225 pertineant,
577 1183 633 1214 sed
663 1181 744 1214 nihil
775 1183 873 1214 deest.
917 1182 1025 1214 Prima
1047 1188 1151 1213 autem
1176 1191 1286 1213 versus
1306 1192 1379 1224 pars
1401 1183 1433 1213 in
1458 1188 1549 1213 textu
1571 1181 1695 1223 Libyco
1718 1183 1750 1213 in
1771 1181 1867 1214 breve
1889 1192 1968 1213 con-

339 1246 439 1270 tracta
463 1239 599 1270 videtur.
644 1238 688 1270 Ut
709 1249 728 1269 a
751 1239 881 1274 sinistra
902 1238 1082 1276 ordiamur,
1124 1238 1262 1280 quinque
1289 1245 1434 1270 extrema
1455 1248 1566 1269 versus
1591 1239 1683 1280 signa
1707 1237 1814 1270 valent
1833 1238 1967 1277 bzonz,

339 1302 374 1326 ut
395 1294 452 1326 lin.
474 1299 495 1326 4
517 1295 568 1335 (v.
586 1294 719 1336 supra).
763 1294 839 1326 Post
860 1301 1011 1336 punctum
1035 1293 1198 1335 (Zaiul),
1229 1301 1405 1337 sequnntur
1427 1294 1552 1326 litterae
1573 1294 1637 1325 iam
1661 1300 1755 1326 notae
1779 1295 1862 1333 bum,
1886 1303 1967 1338 quae

340 1350 534 1393 respondent
559 1350 686 1382 Punicis
708 1351 799 1384 bant:
824 1350 860 1398 (¹,-
877 1352 983 1393 ἔρξῃ).
1031 1349 1118 1382 Num
1141 1351 1240 1393 igitur
1262 1350 1384 1392 Libyes
1414 1362 1471 1393 pro
1496 1359 1564 1384 ων»
1589 1350 1741 1382 dixerunt
1771 1353 1815 1384 ins
1842 1350 1969 1382 abiecto

341 1406 384 1440 :³3
416 1406 502 1438 Sane
525 1408 567 1438 ita
591 1407 732 1439 videtur:
763 1414 847 1438 certe
871 1409 965 1439 etiam
988 1406 1080 1439 lin.7
1102 1418 1159 1449 pro
1179 1409 1263 1442 ²:50⁷:
1289 1408 1320 1438 in
1337 1406 1470 1449 Libycis
1495 1414 1543 1439 est
1563 1415 1640 1440 πη.
1664 1425 1703 1431 —-
1733 1405 1863 1446 Trium,
1886 1412 1969 1450 quae

342 1471 534 1506 sequuntur,
564 1462 741 1495 litterarum
765 1465 890 1505 punctis
914 1463 1107 1495 inclusarum
1132 1471 1275 1495 extrema
1298 1470 1346 1495 est
1366 1463 1448 1503 Jod,
1478 1464 1559 1495 duae
1581 1464 1805 1506 praecedentes
1819 1462 1875 1495 He
1896 1471 1969 1494 esse

342 1520 490 1551 videntur
514 1519 572 1560 (cs.
589 1519 639 1550 He
655 1519 851 1551 Phoenicum
895 1515 929 1563 Ξ
969 1527 1000 1551 et
1026 1518 1062 1570 Β
1086 1519 1325 1562 Graecorum),
1356 1521 1400 1551 ita
1415 1519 1576 1551 utlitteris
1595 1527 1657 1552 *ot-m
1683 1519 1873 1561 respondeat
1896 1526 1968 1552 Ἧπ.

341 1575 479 1618 Reliqua
506 1576 645 1618 quinque
674 1577 783 1618 signa:
823 1584 958 1620 quon,
1004 1587 1085 1618 quae
1108 1577 1301 1618 respondent
1323 1576 1429 1607 verbis
1454 1575 1581 1607 Punicis
1606 1576 1671 1610 &572
1693 1583 1739 1608 n:
1761 1582 1874 1614 ³⁸22,
1903 1583 1968 1606 uno

342 1632 443 1664 verbo
467 1641 569 1674 eoque
593 1634 723 1674 proprio
749 1639 780 1663 et
802 1631 951 1664 familiari
972 1633 1151 1674 exprimere
1174 1633 1343 1671 videntur,
1374 1642 1454 1674 quae
1479 1633 1511 1663 iu
1535 1631 1665 1663 Punicis
1687 1629 1969 1674 circumloquendo

343 1689 428 1720 dicta
445 1697 550 1719 erant:
575 1698 668 1730 quun
690 1693 834 1721 mortuus
857 1693 951 1721 enee.
1000 1688 1091 1730 Caph
1113 1687 1268 1731 particula
1289 1689 1385 1720 etiam
1407 1689 1440 1720 in
1461 1687 1595 1729 Libycis
1618 1695 1745 1720 servata
1769 1694 1834 1726 est,
1863 1687 1968 1730 ipsum

343 1744 506 1776 moriendi
525 1743 657 1775 vet-bum
681 1743 755 1776 huic
774 1744 904 1788 linguae
926 1746 1092 1788 proprium
1113 1753 1132 1789 ι]
1146 1768 1153 1775 .
1168 1753 1207 1777 .0
1231 1755 1291 1776 nos
1313 1745 1511 1787 ignoramus.

1906 1797 1928 1813 w

473 1844 546 1874 Lin.
569 1846 598 1874 6.
644 1842 687 1874 Ut
709 1845 823 1876 iterum
846 1855 866 1875 a
888 1844 1017 1876 sinistra
1037 1844 1218 1883 ordiamur,
1243 1843 1342 1876 verbo
1355 1842 1477 1875 Punico
1493 1852 1554 1877 ηομ
1571 1847 1677 1876 nater
1692 1854 1764 1875 mea
1778 1842 1971 1885 respondent

345 1901 427 1932 duae
450 1898 574 1931 litterae
596 1901 659 1931 iam
683 1908 777 1932 notae
800 1910 856 1940 ³72,
887 1908 921 1933 ut
943 1910 965 1934 u
980 1901 1115 1942 periisse
1130 1901 1275 1933 videatur
1291 1902 1324 1932 in
1341 1899 1646 1942 Liby-phoeniciis.
1689 1899 1775 1932 Dein
1790 1910 1848 1942 pro
1862 1899 1968 1942 ’μήδεο

345 1959 431 1988 sicut
460 1956 576 1987 vidum
605 1963 765 1998 ponuntur
793 1959 853 1988 tria
883 1959 977 1999 signa
1012 1961 1045 2007 (t
1092 1965 1099 2005 Ι
1144 1965 1224 2010 ξ,
1262 1967 1343 1999 quae
1370 1957 1415 1987 ita
1445 1954 1604 1998 explenda
1631 1956 1725 1988 duxi:
1764 1960 1804 2002 Θ
1844 1963 1854 2006 Ι
1905 1962 1978 2006 Ε·
2015 1955 2020 1960 .

347 2022 379 2048 et
401 2016 592 2047 reddiderim
615 2021 652 2048 ul
674 2019 737 2049 vir.
782 2016 865 2059 Nam
888 2019 991 2059 prima
1013 2016 1120 2048 littera
1142 2024 1191 2049 est
1216 2016 1307 2060 Caph
1329 2015 1504 2059 particula,
1536 2016 1764 2060 quameodem
1787 2013 1969 2059 significatu

346 2074 546 2105 retinuerunt
566 2073 702 2114 Libyes:
733 2074 796 2105 duo
819 2080 926 2105 autem
950 2075 1042 2116 signa
1079 2077 1119 2118 Θ
1142 2076 1153 2121 Ι
1176 2095 1185 2112 ,
1217 2073 1503 2116 quomodocunque
1518 2083 1558 2104 ea
1571 2072 1735 2104 efferenda
1749 2079 1824 2104 sunt
1846 2070 1967 2114 (05¹3),

345 2139 420 2165 sunt
440 2134 567 2164 initium
591 2134 749 2172 (fortasse
771 2134 1013 2177 compendium)
1036 2141 1186 2177 quattuor
1208 2135 1373 2177 signorum
1396 2144 1477 2176 quae
1501 2133 1559 2166 lin.
1584 2136 1604 2166 6
1626 2134 1694 2165 init.
1723 2141 1755 2164 et
1775 2131 1829 2164 lin.
1853 2134 1874 2164 ⁷
1895 2132 1966 2165 init.

346 2193 450 2222 virum
473 2190 660 2231 designant,
692 2198 725 2222 ut
747 2202 824 2223 mox
846 2191 1036 2223 videbimus.
1082 2190 1168 2222 Num
1191 2191 1289 2232 igitur
1313 2191 1439 2233 scripsit
1461 2190 1579 2231 Libys:
1609 2194 1647 2221 ut
1668 2193 1721 2221 vir
1741 2190 1857 2220 matria
1877 2195 1969 2220 meae

347 2257 404 2288 pro
434 2249 471 2277 ut
499 2246 615 2277 viduus
643 2251 759 2278 matrix
790 2250 904 2280 meae?
934 2267 971 2272 —
1018 2246 1129 2279 Verbo
1160 2255 1220 2291 7072
1252 2250 1454 2279 tornationes
1486 2246 1681 2289 respondent
1710 2251 1856 2287 quattuor
1875 2245 1969 2287 signa

347 2303 445 2341 bns„
475 2301 681 2344 probabiliter
703 2304 787 2334 idem
811 2303 1041 2346 significantia,
1072 2314 1154 2346 quae
1177 2305 1295 2346 excipit
1317 2303 1392 2347 1=
1411 2304 1431 2334 i.
1445 2313 1474 2334 e.
1495 2304 1556 2342 ξπ,
1580 2303 1663 2345 quod
1680 2302 1773 2333 etiam
1790 2301 1823 2332 in
1838 2300 1968 2334 Punicis

346 2352 566 2402 reponendum·
597 2359 684 2390 duxi.
737 2358 897 2391 Videntur
924 2359 1183 2402 Libyphoenices
1210 2371 1281 2392 cum
1312 2360 1429 2392 Poenis
1458 2360 1598 2391 minores
1620 2358 1774 2390 orationis
1797 2357 1968 2399 particulas

347 2425 532 2452 communes
554 2414 721 2446 habuisse:
760 2416 844 2457 quod
866 2417 968 2457 ipsum
991 2423 1121 2458 apparet
1149 2417 1182 2459 1)
1204 2427 1246 2449 ex
1268 2424 1421 2460 sequente
1441 2418 1533 2451 baem
1563 2418 1622 2458 qut·
1650 2415 1820 2456 portavit,
1859 2415 1911 2446 oui
1933 2416 1967 2447 in

346 2471 479 2513 Libycis
501 2472 694 2513 respondent
713 2478 863 2514 quattuor
884 2471 1009 2503 litterae
1036 2496 1043 2503 .
1057 2482 1141 2510 miv,
1172 2474 1219 2504 ita
1244 2481 1278 2505 ut
1301 2472 1402 2505 Schin
1425 2472 1592 2505 relativum
1614 2472 1648 2503 in
1667 2477 1800 2513 utroque
1817 2482 1967 2505 sermone

347 2529 457 2561 sedem
484 2539 574 2560 suam
604 2534 745 2560 tueatur:
782 2529 859 2559 item
896 2528 929 2568 2)
956 2538 997 2559 ex
1028 2537 1139 2563 vnum
1174 2539 1261 2571 prae
1290 2530 1483 2568 adamante,
1519 2529 1572 2559 cui
1600 2527 1793 2571 respondent
1820 2536 1968 2571 quattuor

346 2585 471 2617 litterae
497 2592 603 2623 ...νὴ
642 2585 687 2615 ita
719 2585 845 2627 quidem
875 2591 910 2615 ut
936 2584 1109 2626 particulae
1139 2585 1243 2617 forma
1272 2587 1398 2628 integra
1430 2586 1482 2617 sit.
1511 2602 1554 2607 —
1602 2583 1661 2615 Vir
1683 2586 1788 2631 (Ἓξ)
1819 2592 1968 2628 quattuor

345 2642 447 2683 signis
469 2642 658 2683 exprimitur
692 2646 745 2692 ’.Ι
790 2647 832 2689 Θ
871 2646 914 2690 Θ
957 2649 967 2690 Ι
1005 2641 1185 2684 (.υυ’>ἒ),
1217 2653 1297 2686 quae
1321 2643 1416 2673 etiam
1439 2639 1494 2672 lin.
1513 2643 1534 2673 7
1558 2641 1689 2673 ineunte
1711 2641 1923 2683 reperiuntur.
