2242 2976
804 289 921 323 NUMI
944 288 1103 323 CILICII.
1146 289 1219 323 Vll.
1240 289 1422 324 TARSUS.
1851 295 1925 333 283

300 389 464 426 magnates
488 383 566 417 Har.
590 382 689 420 Cous.
713 383 761 415 VI
783 396 814 427 p.
838 386 898 416 198
922 382 1045 415 Schult.
1067 384 1264 427 (quanquam
1288 384 1322 416 hi
1344 384 1429 417 oculi
1449 385 1557 416 vocari
1578 391 1713 427 possunt
1730 396 1778 428 qs.
1800 385 1923 419 lumina

299 442 410 483 regni,
442 451 515 472 nain
540 452 700 483 nunquam
723 441 849 472 additur
871 441 991 482 regie).
1036 441 1106 483 Ego
1128 441 1225 483 igitur
1244 439 1332 472 illam
1356 443 1599 485 inscriptionem
1622 441 1865 484 explicaverim:

891 508 1026 545 oculus
1059 510 1163 557 regis
1199 510 1337 557 magni

297 586 318 616 i.
342 596 371 616 e.
407 584 492 627 regis
521 583 670 623 Persiae,
707 575 796 616 cuius
826 583 906 615 haec
936 583 1108 626 appellatio
1139 591 1188 617 est
1215 586 1344 627 propria
1374 590 1405 615 et
1427 583 1571 617 solennis
1601 585 1767 629 (βασιλεὺς
1789 584 1805 619 ὃ
1829 575 1925 629 μέγας(

301 639 467 683 Aristoph.
491 640 573 672 Plut.
598 643 658 672 170
681 639 789 682 ibique
811 641 962 682 interpp„
992 640 1087 681 μέγας
1108 642 1252 681 βασιλεὺς
1275 641 1333 672 Av.
1351 643 1425 672 486.
1454 640 1595 674 Acharn.
1613 646 1666 674 65.
1685 644 1777 685 113).
1822 640 1925 675 Erunt

298 697 453 736 fortasse,
494 698 548 739 qui
578 707 620 728 ex
650 697 724 727 trita
755 703 929 737 syntaxeos
958 696 1030 739 lege
1061 705 1249 736 occurrant,
1288 698 1328 729 ad
1355 696 1439 728 hanc
1468 700 1657 730 sententiam
1683 701 1924 741 exprimendam

297 753 467 785 articulum
490 760 565 784 ante
588 753 779 784 adiectivum
803 754 1009 795 repetendu'm
1031 753 1147 791 fuisse3
1176 754 1233 785 sed
1255 753 1306 785 his
1329 754 1579 796 respondemus,
1608 756 1706 786 etiam
1725 757 1758 786 in
1781 755 1924 798 legitimo

298 809 339 840 V.
363 809 404 841 T.
428 809 621 842 Hebraismo
643 809 800 840 eiusmodi
823 809 972 851 exempla
995 811 1130 852 reperiri
1158 810 1199 853 (2
1223 809 1309 842 Sam.
1336 813 1367 848 6,
1389 813 1425 842 3.
1452 814 1548 860 *zizi-1³3
1571 812 1709 860 Ἷέᾱξπ-
1718 822 1776 858 ΓιΝ.
1807 812 1871 844 Jer.
1893 817 1923 852 2,

297 870 355 898 21:
385 875 423 899 n*
411 875 485 916 nn:
509 875 586 913 ἵξῃ-ι
608 875 688 910 ⁵7³0.
723 866 782 898 Ez.
807 868 858 904 39,
884 869 942 898 27:
966 874 1044 908 ωηιξη
1068 871 1159 909 nsum
1180 867 1268 915 ³:³30}
1298 866 1379 898 Gen.
1403 869 1455 906 32,
1479 870 1535 899 23:
1567 876 1630 902 san
1653 870 1710 915 πξ
1699 871 1768 912 7²3³·
1801 872 1849 907 19,
1872 872 1923 902 33.

299 925 427 960 30,16.
461 911 476 955 1
502 923 664 962 Sam.19,
690 926 739 955 10.
771 923 823 954 Ps.
850 926 900 961 12,
926 926 961 954 8:
992 933 1020 957 ητ
1043 929 1141 966 *nn-r,
1176 923 1216 955 cf.
1241 922 1322 954 Gen.
1345 925 1398 962 43,
1424 927 1473 955 14.
1498 923 1549 956 Ps.
1576 928 1625 964 18,
1651 924 1924 964 18.1ud.16‚5.

295 980 429 1020 6.15),
461 979 639 1011 Phoenices
663 987 768 1011 autem
793 981 825 1010 in
849 978 985 1010 articulo
1010 980 1155 1021 ponendo
1179 980 1351 1011 admodum
1372 990 1487 1022 parcos
1511 992 1582 1012 esse
1606 982 1655 1022 (v.
1678 981 1736 1014 lib.
1754 981 1814 1021 IV,
1830 993 1857 1014 c.
1874 982 1924 1024 4).

298 1035 459 1067 Persicum
481 1037 580 1078 igitur
602 1034 736 1067 Ciliciae
758 1035 925 1076 satrapam
958 1034 1013 1067 illa
1042 1035 1180 1067 formula
1200 1037 1336 1068 indicari
1360 1046 1553 1078 numumque
1575 1045 1721 1070 nostrum
1743 1039 1813 1070 eius
1835 1040 1924 1070 iussu

296 1103 406 1123 cusum
430 1103 502 1124 esse
524 1093 693 1130 existimo,
729 1091 813 1133 quod
836 1091 876 1122 ad
900 1092 1083 1122 universam
1107 1091 1223 1124 horum
1252 1102 1422 1123 numerum
1449 1094 1607 1125 rationem
1638 1093 1719 1126 bene
1748 1106 1924 1127 accommo-

296 1148 404 1180 datum
430 1160 501 1180 esse
534 1159 626 1179 nemo
649 1147 743 1179 facile
766 1147 904 1190 negabit.

423 1204 581 1237 Triremis
606 1206 713 1247 imago
737 1206 770 1235 in
794 1204 946 1241 adversa,
971 1214 1052 1245 quae
1068 1214 1163 1246 saepe
1179 1211 1342 1246 comparet
1354 1206 1387 1236 in
1407 1204 1735 1238 Phoenico-Persicis
1759 1206 1925 1248 (Mionnet

297 1262 365 1301 VI,
389 1265 448 1294 641
477 1262 582 1305 sqq.),
614 1262 654 1292 ad
678 1262 844 1293 victoriam
868 1261 1026 1302 quandam
1055 1259 1201 1291 navalem
1230 1271 1250 1291 a
1278 1260 1385 1293 Persis
1415 1262 1448 1292 in
1477 1261 1557 1293 Asia
1584 1263 1708 1294 minore
1731 1270 1926 1306 reportatam

297 1320 457 1361 respicere
481 1319 614 1349 videtur.
659 1317 802 1355 Quarum
825 1316 901 1348 licet
924 1316 1031 1358 plures
1053 1318 1135 1356 sint,
1167 1316 1256 1349 nulla
1277 1323 1384 1349 tamen
1405 1324 1509 1349 aetate
1531 1317 1753 1350 Alexandrum
1768 1319 1924 1362 Magnum

296 1377 445 1419 proxime
475 1376 683 1416 praecedente
716 1373 855 1405 nobilior
884 1381 915 1405 et
937 1371 1112 1412 illustrior,
1149 1384 1243 1416 quam
1265 1372 1340 1412 illa,
1369 1385 1431 1416 qua
1455 1374 1686 1417 Spartanorum
1709 1374 1821 1407 classis
1844 1376 1924 1407 duce

297 1432 453 1464 Pisandro
485 1431 525 1462 ab
553 1430 747 1475 Artaxerxis
770 1430 810 1463 Il.
846 1437 878 1461 et
906 1430 1074 1461 Persarum
1106 1429 1208 1461 classe
1238 1430 1318 1461 duce
1349 1429 1482 1462 Conone
1512 1432 1553 1462 ad
1574 1430 1719 1463 {Cnidum
1749 1430 1855 1462 deleta
1877 1439 1926 1463 est

298 1487 428 1531 Olymp.
446 1486 571 1526 XCVI,
587 1491 606 1519 3
632 1489 679 1530 (a.
695 1486 773 1520 Chr.
796 1487 898 1527 394),
931 1497 1054 1529 quaque
1075 1486 1193 1518 factum
1218 1493 1267 1518 est
1289 1493 1324 1517 ut
1343 1481 1377 1518 in
1400 1498 1477 1529 pace
1501 1484 1541 1518 ab
1556 1487 1729 1523 Antalcida
1750 1489 1926 1530 composita

297 1543 425 1586 Olymp.
451 1538 608 1583 XCVIII,
633 1548 652 1576 2
683 1544 729 1586 (a.
755 1542 832 1574 Chr.
856 1543 938 1584 397)
965 1542 1065 1574 Asiae
1094 1544 1227 1574 minoris
1256 1542 1352 1575 urbes
1382 1554 1452 1575 cum
1476 1542 1679 1575 Clazomenis
1708 1549 1740 1575 et
1762 1542 1868 1586 Cypro
1891 1545 1924 1576 in

296 1594 475 1634 Persarum'
491 1607 680 1644 potestatem
702 1601 875 1632 transirent
896 1599 1068 1641 (Xenoph.
1090 1598 1220 1631 Hellen.
1242 1598 1302 1637 IV,
1322 1602 1353 1638 3,
1375 1602 1403 1639 ᾖ.
1430 1602 1579 1631 10-12.
1601 1600 1644 1638 V,
1661 1603 1675 1631 1
1702 1601 1729 1638 ᾗ.
1754 1602 1827 1642 31).
1871 1600 1923 1632 Ad

297 1659 380 1692 hanc
411 1660 509 1701 igitur
538 1658 655 1699 respici
684 1657 831 1699 equidem
858 1657 1012 1698 suspicor.
1055 1654 1160 1698 Atque
1183 1655 1223 1687 ad
1247 1656 1382 1688 eandem
1404 1658 1572 1688 victoriam
1595 1655 1743 1688 navalem
1766 1658 1925 1698 pertinere

299 1716 424 1747 videtur
444 1715 498 1746 hic
521 1724 653 1746 numus:

425 1770 464 1802 G.
507 1771 587 1802 Rea:
608 1771 785 1802 Persarum
807 1771 922 1799 currui
942 1768 1089 1800 insidens
1112 1767 1157 1799 ad
1174 1768 1345 1808 dextram,
1369 1773 1447 1800 ante
1464 1779 1533 1800 enm
1550 1771 1688 1811 auriga,
1711 1768 1925 1811 ponefigura

298 1829 426 1860 stellam
455 1838 550 1858 manu
573 1837 661 1868 prae
690 1835 724 1856 se
743 1824 876 1864 ferens.
928 1824 1032 1866 Supra
1062 1831 1211 1867 quattuor
1239 1824 1365 1856 litterae
1401 1824 1600 1866 phoeniciae.
1637 1824 1665 1867 )(
1705 1825 1860 1857 Triremie
1889 1829 1925 1857 in

290 1870 454 1926 fluctibns·
483 1886 600 1921 maris,
635 1893 732 1924 supra
759 1882 841 1912 duae
870 1880 995 1912 litterae
1026 1880 1226 1923 phoeniciae.
1270 1882 1322 1912 Ex
1350 1881 1498 1912 Mionnet
1527 1880 1660 1913 Recueil
1689 1882 1745 1913 des
1768 1881 1925 1914 Planches

298 1939 390 1980 LXI,
414 1951 464 1972 no.
482 1943 511 1979 1,
546 1939 586 1970 cf.
610 1937 816 1971 Bellermann
840 1936 899 1976 ΙΙΙ,
923 1949 952 1979 p.
979 1940 1028 1969 13.
1058 1937 1168 1979 Kopp.
1190 1937 1233 1976 II,
1254 1948 1283 1979 p.
1306 1941 1377 1969 241.

426 1995 572 2038 Koppius
594 1995 616 2027 l.
641 2006 666 2026 c.
692 2002 857 2036 utramque
882 1993 1077 2036 epigraphen
1101 1993 1278 2036 copulatam
1301 1983 1347 2025 ita
1367 1993 1462 2036 legit:

1043 2060 1077 2082 πα
1103 2052 1181 2084 '2⁷:³72

295 2149 299 2152 Ι
831 2117 950 2149 regere
973 2118 1071 2138 meum
1089 2118 1155 2150 per
1176 2108 1214 2139 id
1235 2108 1393 2149 (naves),

300 2177 492 2209 numumque
516 2165 613 2197 refert
636 2164 675 2195 ad
698 2163 919 2206 Antigonum,
945 2163 1044 2194 Asiae
1065 2175 1193 2206 regem,
1227 2165 1359 2205 eiusque
1383 2164 1549 2195 victoriam
1572 2162 1718 2194 navalem
1732 2164 1771 2195 ad
1788 2163 1923 2206 Cyprum

300 2230 493 2266 reportatam
517 2233 602 2254 anno
624 2233 650 2252 a.
675 2219 751 2252 Chr.
777 2222 849 2252 306.
894 2219 958 2251 Sed
983 2231 1162 2262 quanquam
1192 2220 1414 2251 Alexandrum
1438 2219 1483 2250 M.
1511 2226 1584 2261 post
1611 2220 1748 2251 reditum
1772 2232 1812 2252 ex
1836 2220 1925 2251 India

301 2279 418 2311 cultum
434 2279 596 2310 Persicum
616 2276 781 2318 Babylone
796 2277 986 2308 assumsisse
1003 2283 1143 2315 constat,
1166 2283 1271 2307 tamen
1289 2287 1390 2318 neque
1406 2276 1508 2315 hunc,
1534 2276 1636 2318 neque
1650 2277 1775 2318 imperii
1793 2276 1926 2308 heredes

302 2347 439 2377 unquam
470 2335 528 2367 tali
557 2334 644 2366 cultu
674 2335 779 2365 numis
808 2332 984 2375 insculptos
1013 2343 1104 2371 esse,
1144 2339 1342 2375 compertum
1372 2340 1437 2364 est:
1478 2332 1569 2364 illum
1596 2334 1694 2375 igitur
1722 2343 1831 2375 regem
1862 2343 1924 2363 non

301 2390 497 2434 Antigonum
521 2391 646 2430 habeo,
683 2391 739 2422 sed
771 2390 900 2421 Persiae
926 2389 1083 2431 quendam
1110 2400 1230 2432 regem.
1275 2388 1360 2420 Dein
1385 2391 1416 2420 in
1448 2388 1622 2432 epigraphe
1653 2390 1805 2420 adversae
1828 2387 1927 2420 altera

302 2446 409 2479 littera
429 2448 551 2480 Lamed
572 2458 643 2479 esse
666 2458 730 2478 non
756 2453 877 2489 potest:
902 2456 1003 2488 neque
1027 2445 1121 2476 facile
1136 2453 1292 2478 monstret
1306 2440 1420 2488 aliquis
1436 2445 1510 2477 Vav
1524 2445 1650 2477 litterae
1666 2445 1761 2477 talem
1778 2444 1924 2487 figuram,

302 2503 403 2545 qualis
427 2511 475 2536 est
497 2504 597 2536 altera
618 2515 750 2535 aversae
774 2502 891 2534 littera.
942 2502 1131 2544 Legendum
1155 2503 1252 2545 igitur
1272 2504 1393 2545 potius:

1016 2568 1073 2603 ΠΒ
1115 2569 1207 2606 mm

469 2633 574 2669 sidus
599 2646 725 2670 meum
752 2634 800 2679 (i.
827 2645 859 2668 e.
888 2633 1041 2668 fortuna
1066 2633 1174 2679 mea)
1198 2646 1276 2682 per
1301 2632 1400 2667 hanc
1427 2633 1475 2677 (i.
1502 2644 1533 2666 e.
1559 2643 1626 2678 per
1652 2629 1746 2675 hoc)

1466 2700 1507 2728 36
1530 2700 1543 2714 *
