2242 2976
298 293 435 328 INSCR.
451 292 912 327 PUNIco-NUMIDICAE.
947 292 1094 327 an—
1106 292 1231 327 LXIV.
1263 292 1436 326 TRIPOL.
1452 292 1587 326 PRIMA
1602 293 1763 326 BILING.
1805 295 1881 332 213

940 387 1193 420 LXILLXIH.

517 454 876 488 NUMIDICA
922 453 1137 489 SEXTA
1181 455 1263 488 ET
1302 454 1629 495 SEPTIMA,

256 543 288 567 v.
312 535 344 565 in
363 533 550 576 appendice.

1005 608 1133 641 LXIV.

491 675 960 709 TRIPOLITANA
1005 676 1222 709 PRIMA
1267 676 1651 710 BILINGUIS.

385 766 411 794 1.
454 762 584 805 Insigne
620 760 681 793 hoc
712 761 853 793 Punicae
886 762 1084 805 antiquitatis
1118 752 1397 802 monumentum,
1426 764 1460 794 in
1492 773 1704 805 suorgenere
1739 764 1880 802 unicum,

256 821 376 861 primus
406 820 440 851 in
468 818 573 850 lucem
600 819 757 860 protraxit
785 817 915 857 BADu,
950 818 1117 861 Hispanus
1144 819 1307 858 eruditus,
1347 820 1400 861 qui
1430 821 1464 850 in
1492 820 1608 851 itinere
1638 830 1694 862 per
1724 821 1881 851 orientem

255 877 402 907 instituto
432 885 601 918 personam
629 874 693 907 Ali
719 875 791 916 Bey
819 874 1005 906 Abbasidae
1032 876 1151 918 gessit,
1189 882 1282 918 atque
1312 876 1345 906 in
1378 886 1491 918 opere:
1537 876 1670 919 Voyage
1699 875 1736 907 d’
1761 875 1825 907 Ali
1852 876 1885 907 el

241 924 383 964 'Abuca'
413 943 454 964 en
484 932 632 974 Afrique
660 937 693 964 et
716 942 756 963 en
778 932 863 963 Asie
889 931 1039 973 pendant
1060 933 1108 964 les
1130 932 1251 964 αηηέεσ
1274 935 1367 971 1803,
1394 935 1486 972 1804,
1512 935 1606 972 1805,
1629 935 1712 965 1806
1734 939 1766 964 et
1790 934 1879 964 1807.

255 991 275 1020 3
298 987 383 1020 Voll.
414 989 505 1020 Paris
529 992 611 1020 1814
631 986 777 1030 (anglice
800 988 917 1029 prodiit
939 987 1082 1018 Londini
1105 990 1195 1019 1816.
1218 992 1237 1019 2
1255 988 1337 1019 Voll.
1360 989 1431 1029 4.)‚
1462 989 1527 1021 tab.
1553 992 1611 1028 15,
1648 991 1718 1021 eius
1741 987 1882 1020 delinea—

255 1044 375 1076 tionem
399 1045 503 1083 dedit,
539 1044 600 1075 hac
623 1044 731 1075 addita
752 1044 967 1084 descriptione
1000 1042 1062 1083 (T.
1079 1042 1104 1074 I.
1128 1054 1157 1084 p.
1177 1045 1277 1084 342):
1314 1044 1424 1083 „Pres
1446 1044 1477 1076 13
1500 1046 1623 1076 maison
1642 1046 1684 1076 du
1707 1044 1820 1076 consul
1841 1044 1881 1075 de
1918 1074 1919 1079 ,

255 1100 379 1132 France
407 1101 447 1143 (a
469 1099 616 1143 Tripoli)
651 1099 676 1130 il
704 1110 725 1140 y
756 1110 776 1130 a
804 1110 845 1130 un
875 1099 956 1131 beau
985 1106 1185 1131 monument:
1221 1098 1306 1130 c’est
1336 1111 1378 1131 un
1413 1111 1467 1132 arc
1492 1102 1531 1132 de
1554 1101 1712 1143 triomphe
1735 1101 1801 1132 bati
1826 1111 1882 1142 par

255 1156 304 1189 les
333 1156 486 1188 Romains
517 1163 548 1188 et
577 1154 728 1198 compose
751 1155 845 1187 d'une
868 1155 1001 1197 coupole
1026 1142 1200 1198 octogone,
1230 1155 1405 1198 supportee
1427 1168 1485 1199 par
1507 1164 1618 1199 quatre
1641 1168 1711 1188 arcs
1733 1163 1883 1198 reposant

255 1224 312 1245 sur
334 1225 377 1245 un
403 1215 506 1245 meme
529 1211 663 1244 nombre
685 1213 724 1243 de
747 1210 874 1253 piliers:
905 1211 936 1242 le
959 1219 1028 1243 tout
1049 1213 1205 1244 construit
1227 1223 1302 1243 sans
1325 1214 1443 1244 ciment
1465 1224 1543 1245 avec
1566 1213 1744 1245 d'enormes
1760 1214 1881 1255 pierres

257 1270 296 1301 de
318 1269 422 1301 tailles
445 1275 598 1300 soutenus
621 1280 680 1311 par
700 1267 771 1299 leur
794 1279 910 1310 propre
937 1267 1071 1310 gravite.
1102 1287 1140 1291 —
1188 1267 1233 1299 Ce
1250 1277 1436 1301 monument
1451 1269 1528 1301 etoit
1542 1269 1619 1301 orne
1637 1270 1676 1301 de
1690 1269 1880 1311 sculptures,

257 1327 297 1358 de
319 1325 458 1368 figures,
498 1326 537 1356 de
566 1325 688 1356 sestons
719 1331 750 1355 et
772 1324 811 1355 de
835 1323 983 1366 trophees
1006 1325 1141 1356 d'armes
1165 1336 1204 1356 en
1226 1325 1346 1370 dedans
1370 1334 1401 1357 et
1424 1337 1462 1357 en
1487 1325 1620 1363 dehors3
1652 1327 1732 1358 mais
1754 1324 1786 1356 la
1807 1323 1881 1367 plus

256 1383 377 1424 grande
407 1382 508 1424 partie
540 1382 579 1413 de
608 1392 661 1412 ces
690 1379 800 1412 reliefs
833 1387 881 1411 est
909 1380 982 1421 deja
1004 1380 1155 1412 detruite:
1187 1380 1210 1412 il
1229 1381 1300 1412 n'en
1324 1383 1427 1413 existe
1451 1393 1510 1424 que
1534 1383 1590 1414 des
1612 1383 1730 1424 parties
1750 1380 1880 1419 isolees,

257 1437 499 1476 incoherentes,
529 1438 583 1480 qui
606 1443 784 1469 contestent
806 1447 923 1468 encore
945 1435 1097 1479 l'antique
1119 1436 1235 1468 beaute
1258 1438 1297 1469 de
1312 1437 1488 1481 l’ouvrage.
1509 1456 1553 1464 —.
1594 1438 1657 1469 Sur
1671 1437 1720 1470 les
1734 1438 1820 1469 faces
1836 1437 1879 1468 du

256 1495 338 1526 nord
362 1500 394 1526 et
416 1494 455 1525 de
475 1493 644 1525 l'occident
667 1505 707 1525 on
731 1494 798 1524 voit
819 1492 867 1524 les
889 1500 990 1524 restes
1013 1493 1106 1524 d'une
1129 1495 1334 1536 inscription,
1366 1496 1419 1536 qui
1437 1496 1540 1536 parcit
1559 1496 1649 1526 avoir
1666 1494 1715 1525 ete
1731 1493 1764 1524 la
1778 1494 1881 1525 meme

256 1562 313 1583 sur
334 1550 383 1582 les
405 1550 490 1582 deux
506 1549 611 1581 cutes.
656 1548 749 1581 Cette
770 1548 960 1591 singularite
984 1560 1003 1580 a
1022 1549 1128 1580 fourni
1152 1550 1172 1580 a
1192 1549 1256 1581 ΜΓ.
1277 1549 1421 1589 Nissen,
1457 1549 1571 1582 consul
1597 1551 1636 1581 de
1659 1549 1880 1588 Dannemark,

256 1607 289 1639 la
311 1605 432 1638 facilite
455 1606 495 1637 de
515 1606 563 1637 les
586 1616 766 1648 comparer:
799 1616 839 1636 en
861 1606 1044 1636 reunissant
1065 1612 1096 1636 et
1119 1612 1252 1637 mettant
1282 1617 1322 1638 en
1345 1607 1438 1637 ordre
1461 1605 1508 1638 les
1530 1607 1693 1649 fragmens
1717 1607 1773 1638 des
1795 1607 1881 1637 deux

256 1664 461 1706 inscriptions
483 1661 507 1694 il
528 1661 571 1693 l'a
593 1661 725 1694 restitue
747 1673 787 1693 en
811 1661 930 1703 entier,
963 1672 1087 1694 comme
1116 1672 1157 1693 on
1187 1669 1263 1704 peut
1288 1661 1321 1693 la
1351 1664 1422 1694 voir
1444 1664 1463 1694 3
1485 1663 1517 1695 13
1539 1663 1675 1705 planche
1698 1674 1750 1693 no.
1772 1661 1849 1693 XV.
1860 1665 1882 1680 “

256 1722 390 1758 Postea,
414 1720 498 1750 circa
520 1730 641 1755 annum
664 1722 766 1759 1825,
792 1719 845 1751 hie
865 1719 948 1762 lapis
971 1730 1040 1751 cum
1064 1717 1136 1750 aliis
1159 1720 1357 1761 antiquitatis
1380 1721 1594 1751 monumentis
1618 1730 1659 1750 ex
1682 1720 1746 1750 oris
1766 1717 1883 1760 Tripo-

255 1764 365 1809 litanis
402 1777 436 1807 in
472 1774 624 1818 Angliam
662 1775 813 1807 advectus
851 1783 884 1807 et
922 1775 1063 1818 Georgio
1099 1774 1148 1807 IV
1185 1775 1270 1817 dono
1298 1776 1389 1807 datus
1422 1783 1487 1815 est,
1524 1787 1586 1818 quo
1616 1765 1771 1818 regnante
1800 1774 1881 1806 haec

257 1839 464 1865 monumenta
491 1833 523 1863 in
553 1831 661 1863 Musei
689 1830 867 1864 Britannici
903 1831 1060 1864 vestibulo
1090 1832 1238 1873 exposita
1267 1839 1367 1864 erant.
1412 1831 1508 1863 Jussu
1540 1831 1705 1863 Guilielmi
1730 1830 1779 1863 IV
1801 1822 1881 1862 haec

257 1899 417 1922 marmora
439 1889 472 1919 in
495 1887 622 1919 hortum
638 1889 761 1930 regium
779 1887 911 1920 castello
925 1887 1158 1920 Windsoriano
1174 1889 1315 1919 vicinum
1331 1888 1531 1930 (Virgz'nia-
1546 1888 1680 1929 Water)
1699 1894 1882 1919 transvecta

257 1952 349 1985 sunt,
385 1944 441 1976 ubi
470 1943 609 1990 lapidem
637 1951 800 1983 nostrum,
837 1946 929 1976 cuius
958 1945 1095 1987 insignis
1123 1945 1317 1986 praestantia
1346 1944 1468 1987 fugisse
1505 1945 1628 1976 videtur
1657 1943 1880 1982 architectum,

257 2002 326 2034 Cal.
350 2000 468 2033 Octob.
492 2003 592 2039 1835,
621 2002 752 2032 inverso
776 2001 906 2040 ordine,
938 2008 1061 2033 statuae
1083 1999 1233 2032 muliebri
1254 1999 1381 2031 Floram
1408 2000 1598 2032 Cereremve
1621 2005 1881 2043 repraesentante

257 2059 345 2092 basis
368 2059 470 2090 instar
491 2058 687 2100 suppositum
711 2064 742 2089 et
762 2057 914 2090 sordibus
935 2059 1136 2100 inquinatum
1158 2057 1283 2088 inveni:
1315 2067 1410 2096 mox,
1443 2068 1555 2099 spero,
1583 2058 1616 2088 in
1639 2058 1785 2100 digniore
1808 2055 1880 2089 loco

256 2115 487 2159 reponendum.
1771 2107 1775 2111 Κ

386 2196 525 2228 Primam
546 2196 616 2227 eius
639 2194 921 2234 delineationem,
937 2202 970 2227 ut
991 2196 1148 2234 diximus,
1183 2196 1269 2227 dedit
1291 2194 1633 2236 Pseudo-Ali-Bey‚
1661 2205 1813 2238 eamque,
1844 2201 1880 2225 ut

257 2254 340 2292 vidi,
377 2253 455 2284 satis
484 2259 665 2283 accuratam
698 2252 781 2292 (nisi
812 2252 898 2295 quod
927 2251 1011 2283 male
1042 2252 1154 2283 SVFF
1184 2253 1271 2284 dedit
1301 2261 1358 2293 pro
1387 2251 1498 2283 SVFE
1531 2258 1564 2283 et
1582 2252 1719 2294 primam
1740 2250 1878 2282 litteram

258 2310 403 2352 punicam
432 2307 516 2340 male
546 2308 684 2350 pinxit):
720 2308 800 2340 duas
827 2307 907 2340 alias
937 2308 1161 2347 Hamakerus,
1195 2307 1333 2340 Miscell.
1357 2307 1422 2340 tab.
1437 2311 1468 2347 3,
1491 2318 1543 2340 no.
1558 2312 1591 2347 4,
1608 2319 1637 2340 a.
1652 2307 1683 2339 b.
1705 2307 1839 2339 alteram
1860 2317 1880 2337 a

257 2365 593 2408 Stirum-Limburgio
616 2366 731 2396 comite
753 2364 870 2397 factam
892 2366 969 2397 satis
992 2375 1061 2396 eam
1088 2364 1299 2403 laudandam,
1329 2364 1462 2397 alteram
1484 2375 1615 2407 pravam
1638 2363 1668 2395 b.
1692 2363 1878 2395 Reuvensii.

258 2420 353 2459 Quod
383 2432 444 2464 ego
475 2422 548 2454 dedi
578 2420 794 2464 apographum
815 2423 923 2463 ‘super
951 2422 1022 2463 ipso
1054 2419 1161 2463 lapide
1190 2427 1377 2464 expressum
1408 2423 1474 2460 es't,
1512 2428 1545 2452 et
1577 2431 1648 2452 cum
1682 2419 1878 2452 Stirumiano

259 2479 358 2519 paene
379 2479 411 2509 in
435 2477 586 2510 omnibus
608 2479 767 2510 convenit.
812 2478 960 2509 Ceterum
984 2477 1064 2509 haec
1087 2478 1252 2520 inscriptio
1273 2478 1406 2509 maximi
1428 2477 1549 2510 moduli
1571 2484 1637 2515 est,
1670 2482 1778 2518 utpote
1802 2473 1877 2506 olim

259 2533 292 2564 in
321 2532 392 2564 loco
420 2533 484 2565 alto
512 2536 676 2577 exposita,
715 2541 748 2566 ut
778 2533 887 2576 procul
917 2535 1004 2566 cerni
1033 2533 1164 2577 legique
1193 2540 1311 2576 posset.
1361 2534 1482 2576 Lapis,
1513 2540 1547 2565 ut
1575 2544 1658 2564 nunc
1687 2539 1756 2570 est,
1791 2529 1877 2562 XXI

259 2589 376 2631 digitos
410 2588 512 2629 latus,
551 2590 634 2622 xlv
669 2589 753 2622 altus
790 2598 855 2622 est:
891 2590 1015 2622 litterae
1050 2589 1170 2622 latinae
1199 2576 1348 2633 quattuor
1379 2591 1569 2632 digitorum,
1604 2590 1758 2630 punicae,
1797 2597 1878 2629 quae

260 2646 399 2677 minores
420 2652 511 2685 sunt,
539 2647 672 2679 duorum
695 2654 727 2679 et
750 2647 882 2679 dimidii.
928 2645 1078 2679 Ceterum
1103 2647 1144 2679 ab
1168 2654 1302 2690 utraque
1324 2647 1393 2678 eius
1416 2652 1504 2688 parte
1526 2644 1645 2687 aliquid
1669 2644 1774 2675 deest:
1811 2654 1874 2676 non
