<?xml version="1.0" encoding="UTF-8"?>
<!DOCTYPE html PUBLIC "-//W3C//DTD XHTML 1.0 Transitional//EN"
    "http://www.w3.org/TR/xhtml1/DTD/xhtml1-transitional.dtd">
<html xmlns="http://www.w3.org/1999/xhtml" xml:lang="en" lang="en">
 <head>
  <title>
</title>
<meta http-equiv="Content-Type" content="text/html;charset=utf-8" />
  <meta name='ocr-system' content='tesseract 3.04.00' />
  <meta name='ocr-capabilities' content='ocr_page ocr_carea ocr_par ocr_line ocrx_word'/>
</head>
<body>
  <div class='ocr_page' id='page_1' title='image "./scripturaelingua00geseuoft_0072.png"; bbox 0 0 2242 2976; ppageno 0'>
   <div class='ocr_carea' id='block_1_1' title="bbox 339 254 1906 312">
    <p class='ocr_par' dir='ltr' id='par_1_1' title="bbox 339 254 1906 312">
     <span class='ocr_line' id='line_1_1' title="bbox 339 254 1906 312; baseline -0.003 -19"><span class='ocrx_word' id='word_1_1' title='bbox 339 262 389 299; x_wconf 83' lang='lat'>38</span> <span class='ocrx_word' id='word_1_2' title='bbox 448 259 581 293; x_wconf 85' lang='lat' dir='ltr'>LIBER</span> <span class='ocrx_word' id='word_1_3' title='bbox 606 257 777 292; x_wconf 81' lang='lat' dir='ltr'>PRIMUS.</span> <span class='ocrx_word' id='word_1_4' title='bbox 822 255 1198 290; x_wconf 72' lang='lat' dir='ltr'><strong>PALAEOGRAPHIA</strong></span> <span class='ocrx_word' id='word_1_5' title='bbox 1219 254 1477 289; x_wconf 75' lang='lat' dir='ltr'><strong>PHOENICIA.</strong></span> <span class='ocrx_word' id='word_1_6' title='bbox 1518 255 1670 290; x_wconf 71' lang='lat' dir='ltr'>CAPUT</span> <span class='ocrx_word' id='word_1_7' title='bbox 1690 255 1906 312; x_wconf 61' lang='lat' dir='ltr'>TEtlTIUM.</span> 
     </span>
    </p>
   </div>
   <div class='ocr_carea' id='block_1_2' title="bbox 342 336 1968 453">
    <p class='ocr_par' dir='ltr' id='par_1_2' title="bbox 342 336 1968 453">
     <span class='ocr_line' id='line_1_2' title="bbox 342 336 1968 398; baseline -0.004 -12"><span class='ocrx_word' id='word_1_8' title='bbox 342 365 422 398; x_wconf 83' lang='lat' dir='ltr'>quae</span> <span class='ocrx_word' id='word_1_9' title='bbox 446 365 542 397; x_wconf 83' lang='lat' dir='ltr'>prope</span> <span class='ocrx_word' id='word_1_10' title='bbox 563 353 718 385; x_wconf 83' lang='lat' dir='ltr'>accedunt</span> <span class='ocrx_word' id='word_1_11' title='bbox 742 352 781 384; x_wconf 86' lang='lat' dir='ltr'>ad</span> <span class='ocrx_word' id='word_1_12' title='bbox 806 350 895 393; x_wconf 88' lang='lat' dir='ltr'>Caph</span> <span class='ocrx_word' id='word_1_13' title='bbox 918 357 951 382; x_wconf 85' lang='lat' dir='ltr'>et</span> <span class='ocrx_word' id='word_1_14' title='bbox 972 349 1014 381; x_wconf 86' lang='lat' dir='ltr'>ab</span> <span class='ocrx_word' id='word_1_15' title='bbox 1035 360 1075 381; x_wconf 87' lang='lat' dir='ltr'>eo</span> <span class='ocrx_word' id='word_1_16' title='bbox 1097 360 1193 392; x_wconf 81' lang='lat' dir='ltr'>aegre</span> <span class='ocrx_word' id='word_1_17' title='bbox 1216 350 1440 383; x_wconf 81' lang='lat' dir='ltr'>discernuntur</span> <span class='ocrx_word' id='word_1_18' title='bbox 1463 350 1550 391; x_wconf 84' lang='lat' dir='ltr'>(vide</span> <span class='ocrx_word' id='word_1_19' title='bbox 1565 350 1607 382; x_wconf 77' lang='lat' dir='ltr'>ad</span> <span class='ocrx_word' id='word_1_20' title='bbox 1623 336 1736 383; x_wconf 36' lang='lat' dir='ltr'>Carth..</span> <span class='ocrx_word' id='word_1_21' title='bbox 1757 353 1791 390; x_wconf 79' lang='lat'>5,</span> <span class='ocrx_word' id='word_1_22' title='bbox 1813 350 1866 392; x_wconf 84' lang='lat'>2):</span> <span class='ocrx_word' id='word_1_23' title='bbox 1892 350 1968 381; x_wconf 82' lang='lat' dir='ltr'>item</span> 
     </span>
     <span class='ocr_line' id='line_1_3' title="bbox 344 406 1167 453; baseline -0.007 -10"><span class='ocrx_word' id='word_1_24' title='bbox 344 417 474 449; x_wconf 86' lang='lat' dir='ltr'>contra,</span> <span class='ocrx_word' id='word_1_25' title='bbox 497 421 630 453; x_wconf 86' lang='lat' dir='ltr'>quarum</span> <span class='ocrx_word' id='word_1_26' title='bbox 652 409 756 440; x_wconf 80' lang='lat' dir='ltr'>femur</span> <span class='ocrx_word' id='word_1_27' title='bbox 779 406 863 439; x_wconf 87' lang='lat' dir='ltr'>ultra</span> <span class='ocrx_word' id='word_1_28' title='bbox 884 418 968 450; x_wconf 80' lang='lat' dir='ltr'>genn</span> <span class='ocrx_word' id='word_1_29' title='bbox 991 406 1167 445; x_wconf 83' lang='lat' dir='ltr'>descendit,</span> 
     </span>
    </p>
   </div>
   <div class='ocr_carea' id='block_1_3' title="bbox 344 461 1971 718">
    <p class='ocr_par' dir='ltr' id='par_1_3' title="bbox 344 461 1971 718">
     <span class='ocr_line' id='line_1_4' title="bbox 1147 461 1312 478; baseline 0 -1"><span class='ocrx_word' id='word_1_30' title='bbox 1147 463 1177 478; x_wconf 72' lang='grc' dir='ltr'>ι.</span> <span class='ocrx_word' id='word_1_31' title='bbox 1285 461 1312 477; x_wconf 70' lang='grc' dir='ltr'>ις</span> 
     </span>
     <span class='ocr_line' id='line_1_5' title="bbox 344 615 1971 662; baseline -0.002 -11"><span class='ocrx_word' id='word_1_32' title='bbox 344 619 432 660; x_wconf 87' lang='lat' dir='ltr'>(vide</span> <span class='ocrx_word' id='word_1_33' title='bbox 455 623 515 651; x_wconf 76' lang='lat' dir='ltr'>oct.</span> <span class='ocrx_word' id='word_1_34' title='bbox 539 616 633 650; x_wconf 86' lang='lat' dir='ltr'>Gaul.</span> <span class='ocrx_word' id='word_1_35' title='bbox 655 618 711 658; x_wconf 70' lang='lat' dir='ltr'>E„</span> <span class='ocrx_word' id='word_1_36' title='bbox 738 627 812 650; x_wconf 73' lang='lat' dir='ltr'>non.</span> <span class='ocrx_word' id='word_1_37' title='bbox 837 615 958 650; x_wconf 86' lang='lat' dir='ltr'>Athen.</span> <span class='ocrx_word' id='word_1_38' title='bbox 984 621 1022 659; x_wconf 83' lang='lat'>1,</span> <span class='ocrx_word' id='word_1_39' title='bbox 1046 622 1076 651; x_wconf 86' lang='lat'>1.</span> <span class='ocrx_word' id='word_1_40' title='bbox 1104 618 1198 652; x_wconf 84' lang='lat' dir='ltr'>Sard.</span> <span class='ocrx_word' id='word_1_41' title='bbox 1223 621 1254 651; x_wconf 88' lang='grc'>2.</span> <span class='ocrx_word' id='word_1_42' title='bbox 1284 615 1396 651; x_wconf 78' lang='lat' dir='ltr'>Carth.</span> <span class='ocrx_word' id='word_1_43' title='bbox 1426 618 1464 655; x_wconf 89' lang='lat'>5,</span> <span class='ocrx_word' id='word_1_44' title='bbox 1494 619 1514 649; x_wconf 84' lang='lat'>2</span> <span class='ocrx_word' id='word_1_45' title='bbox 1543 617 1576 649; x_wconf 90' lang='lat' dir='ltr'>in</span> <span class='ocrx_word' id='word_1_46' title='bbox 1607 618 1702 662; x_wconf 66' lang='lat'>1¹:³23</span> <span class='ocrx_word' id='word_1_47' title='bbox 1733 616 1804 649; x_wconf 76' lang='lat' dir='ltr'>dec.</span> <span class='ocrx_word' id='word_1_48' title='bbox 1827 617 1862 648; x_wconf 83' lang='lat' dir='ltr'>in</span> <span class='ocrx_word' id='word_1_49' title='bbox 1884 626 1971 649; x_wconf 72' lang='lat' dir='ltr'>nnn.</span> 
     </span>
     <span class='ocr_line' id='line_1_6' title="bbox 344 670 1971 718; baseline -0.002 -11"><span class='ocrx_word' id='word_1_50' title='bbox 344 675 440 718; x_wconf 77' lang='lat' dir='ltr'>Tiug.</span> <span class='ocrx_word' id='word_1_51' title='bbox 463 674 505 707; x_wconf 88' lang='lat' dir='ltr'>D.</span> <span class='ocrx_word' id='word_1_52' title='bbox 536 674 653 707; x_wconf 64' lang='lat' dir='ltr'>endec·</span> <span class='ocrx_word' id='word_1_53' title='bbox 684 675 717 706; x_wconf 92' lang='lat' dir='ltr'>in</span> <span class='ocrx_word' id='word_1_54' title='bbox 748 673 842 715; x_wconf 85' lang='lat' dir='ltr'>Eryc.</span> <span class='ocrx_word' id='word_1_55' title='bbox 873 684 989 717; x_wconf 78' lang='lat' dir='ltr'>saepe3</span> <span class='ocrx_word' id='word_1_56' title='bbox 1025 675 1160 709; x_wconf 78' lang='lat' dir='ltr'>duodec.</span> <span class='ocrx_word' id='word_1_57' title='bbox 1191 674 1300 707; x_wconf 87' lang='lat' dir='ltr'>Carth.</span> <span class='ocrx_word' id='word_1_58' title='bbox 1329 676 1369 713; x_wconf 83' lang='lat'>9,</span> <span class='ocrx_word' id='word_1_59' title='bbox 1399 675 1419 705; x_wconf 87' lang='lat'>2</span> <span class='ocrx_word' id='word_1_60' title='bbox 1451 674 1483 705; x_wconf 90' lang='lat' dir='ltr'>in</span> <span class='ocrx_word' id='word_1_61' title='bbox 1514 683 1595 713; x_wconf 71' lang='lat' dir='ltr'>etan,</span> <span class='ocrx_word' id='word_1_62' title='bbox 1626 677 1704 706; x_wconf 77' lang='lat' dir='ltr'>tere.</span> <span class='ocrx_word' id='word_1_63' title='bbox 1732 673 1800 705; x_wconf 84' lang='lat' dir='ltr'>dec.</span> <span class='ocrx_word' id='word_1_64' title='bbox 1829 671 1899 704; x_wconf 88' lang='lat' dir='ltr'>Sid.</span> <span class='ocrx_word' id='word_1_65' title='bbox 1930 670 1971 704; x_wconf 90' lang='lat'>0.</span> 
     </span>
    </p>
   </div>
   <div class='ocr_carea' id='block_1_4' title="bbox 344 729 1972 831">
    <p class='ocr_par' dir='ltr' id='par_1_4' title="bbox 344 729 1972 831">
     <span class='ocr_line' id='line_1_7' title="bbox 345 729 1972 774; baseline -0.001 -11"><span class='ocrx_word' id='word_1_66' title='bbox 345 735 451 774; x_wconf 76' lang='lat' dir='ltr'>quart.</span> <span class='ocrx_word' id='word_1_67' title='bbox 466 731 533 763; x_wconf 83' lang='lat' dir='ltr'>dec.</span> <span class='ocrx_word' id='word_1_68' title='bbox 557 730 626 762; x_wconf 89' lang='lat' dir='ltr'>Sid.</span> <span class='ocrx_word' id='word_1_69' title='bbox 649 729 675 763; x_wconf 89' lang='lat'>1.</span> <span class='ocrx_word' id='word_1_70' title='bbox 697 729 741 762; x_wconf 89' lang='grc' dir='ltr'>Κ.</span> <span class='ocrx_word' id='word_1_71' title='bbox 775 733 877 772; x_wconf 70' lang='lat' dir='ltr'>quint.</span> <span class='ocrx_word' id='word_1_72' title='bbox 901 730 972 762; x_wconf 83' lang='lat' dir='ltr'>dec.</span> <span class='ocrx_word' id='word_1_73' title='bbox 993 731 1062 763; x_wconf 88' lang='lat' dir='ltr'>Sid.</span> <span class='ocrx_word' id='word_1_74' title='bbox 1086 731 1154 763; x_wconf 58' lang='lat' dir='ltr'>Dc.</span> <span class='ocrx_word' id='word_1_75' title='bbox 1198 730 1282 764; x_wconf 84' lang='lat' dir='ltr'>Sunt</span> <span class='ocrx_word' id='word_1_76' title='bbox 1302 731 1420 767; x_wconf 85' lang='lat' dir='ltr'>etiam,</span> <span class='ocrx_word' id='word_1_77' title='bbox 1453 730 1486 761; x_wconf 92' lang='lat' dir='ltr'>in</span> <span class='ocrx_word' id='word_1_78' title='bbox 1515 729 1632 774; x_wconf 79' lang='lat' dir='ltr'>quibus</span> <span class='ocrx_word' id='word_1_79' title='bbox 1653 730 1758 763; x_wconf 74' lang='lat' dir='ltr'>femur</span> <span class='ocrx_word' id='word_1_80' title='bbox 1778 735 1866 762; x_wconf 78' lang='lat' dir='ltr'>secet</span> <span class='ocrx_word' id='word_1_81' title='bbox 1888 739 1972 768; x_wconf 77' lang='lat' dir='ltr'>crus,</span> 
     </span>
     <span class='ocr_line' id='line_1_8' title="bbox 344 783 1494 831; baseline 0 -13"><span class='ocrx_word' id='word_1_82' title='bbox 344 794 376 819; x_wconf 87' lang='lat' dir='ltr'>et</span> <span class='ocrx_word' id='word_1_83' title='bbox 398 788 431 818; x_wconf 92' lang='lat' dir='ltr'>in</span> <span class='ocrx_word' id='word_1_84' title='bbox 455 786 570 829; x_wconf 87' lang='lat' dir='ltr'>quibus</span> <span class='ocrx_word' id='word_1_85' title='bbox 591 787 723 820; x_wconf 85' lang='lat' dir='ltr'>femoris</span> <span class='ocrx_word' id='word_1_86' title='bbox 746 787 881 830; x_wconf 82' lang='lat' dir='ltr'>vestigia</span> <span class='ocrx_word' id='word_1_87' title='bbox 902 797 966 819; x_wconf 88' lang='lat' dir='ltr'>noa</span> <span class='ocrx_word' id='word_1_88' title='bbox 989 783 1194 831; x_wconf 80' lang='lat' dir='ltr'>compareant</span> <span class='ocrx_word' id='word_1_89' title='bbox 1218 788 1282 820; x_wconf 84' lang='lat' dir='ltr'>nisi</span> <span class='ocrx_word' id='word_1_90' title='bbox 1301 786 1387 819; x_wconf 79' lang='lat' dir='ltr'>infra</span> <span class='ocrx_word' id='word_1_91' title='bbox 1407 796 1494 829; x_wconf 76' lang='lat' dir='ltr'>genn</span> 
     </span>
    </p>
   </div>
   <div class='ocr_carea' id='block_1_5' title="bbox 346 994 2002 1266">
    <p class='ocr_par' dir='ltr' id='par_1_5' title="bbox 346 994 1972 1210">
     <span class='ocr_line' id='line_1_9' title="bbox 346 994 1971 1042; baseline -0.002 -12"><span class='ocrx_word' id='word_1_92' title='bbox 346 996 437 1038; x_wconf 66' lang='lat' dir='ltr'>(vide</span> <span class='ocrx_word' id='word_1_93' title='bbox 464 996 532 1027; x_wconf 81' lang='lat' dir='ltr'>dec·</span> <span class='ocrx_word' id='word_1_94' title='bbox 556 999 643 1027; x_wconf 66' lang='lat' dir='ltr'>tex!-</span> <span class='ocrx_word' id='word_1_95' title='bbox 668 995 765 1037; x_wconf 79' lang='lat' dir='ltr'>Eryc.</span> <span class='ocrx_word' id='word_1_96' title='bbox 798 996 863 1030; x_wconf 86' lang='lat' dir='ltr'>dec.</span> <span class='ocrx_word' id='word_1_97' title='bbox 887 1003 970 1042; x_wconf 70' lang='lat' dir='ltr'>sept.</span> <span class='ocrx_word' id='word_1_98' title='bbox 1000 999 1077 1031; x_wconf 87' lang='lat' dir='ltr'>ibid.</span> <span class='ocrx_word' id='word_1_99' title='bbox 1109 1005 1140 1030; x_wconf 87' lang='lat' dir='ltr'>et</span> <span class='ocrx_word' id='word_1_100' title='bbox 1168 1009 1254 1030; x_wconf 86' lang='lat' dir='ltr'>num.</span> <span class='ocrx_word' id='word_1_101' title='bbox 1288 998 1357 1032; x_wconf 80' lang='lat' dir='ltr'>Sid.</span> <span class='ocrx_word' id='word_1_102' title='bbox 1386 998 1426 1030; x_wconf 89' lang='lat' dir='ltr'>L.</span> <span class='ocrx_word' id='word_1_103' title='bbox 1462 997 1532 1029; x_wconf 82' lang='lat' dir='ltr'>dec.</span> <span class='ocrx_word' id='word_1_104' title='bbox 1556 1001 1618 1029; x_wconf 76' lang='lat' dir='ltr'>oct.</span> <span class='ocrx_word' id='word_1_105' title='bbox 1642 995 1734 1028; x_wconf 82' lang='lat' dir='ltr'>Coss.</span> <span class='ocrx_word' id='word_1_106' title='bbox 1757 994 1797 1028; x_wconf 77' lang='lat' dir='ltr'>E.</span> <span class='ocrx_word' id='word_1_107' title='bbox 1818 994 1862 1028; x_wconf 80' lang='lat' dir='ltr'>H.</span> <span class='ocrx_word' id='word_1_108' title='bbox 1882 994 1908 1027; x_wconf 84' lang='lat'>1.</span> <span class='ocrx_word' id='word_1_109' title='bbox 1933 995 1971 1027; x_wconf 82' lang='lat' dir='ltr'>L.</span> 
     </span>
     <span class='ocr_line' id='line_1_10' title="bbox 346 1050 1972 1098; baseline -0.001 -14"><span class='ocrx_word' id='word_1_110' title='bbox 346 1052 416 1084; x_wconf 83' lang='lat' dir='ltr'>dec.</span> <span class='ocrx_word' id='word_1_111' title='bbox 442 1062 515 1084; x_wconf 78' lang='lat' dir='ltr'>non.</span> <span class='ocrx_word' id='word_1_112' title='bbox 539 1050 638 1083; x_wconf 72' lang='lat' dir='ltr'>Coss.</span> <span class='ocrx_word' id='word_1_113' title='bbox 653 1050 690 1083; x_wconf 74' lang='lat' dir='ltr'>F.</span> <span class='ocrx_word' id='word_1_114' title='bbox 713 1051 752 1085; x_wconf 86' lang='lat' dir='ltr'>G.</span> <span class='ocrx_word' id='word_1_115' title='bbox 772 1052 815 1086; x_wconf 89' lang='lat' dir='ltr'>K.</span> <span class='ocrx_word' id='word_1_116' title='bbox 842 1053 884 1087; x_wconf 88' lang='lat' dir='ltr'>M.</span> <span class='ocrx_word' id='word_1_117' title='bbox 907 1054 948 1088; x_wconf 91' lang='lat' dir='ltr'>N.</span> <span class='ocrx_word' id='word_1_118' title='bbox 973 1054 1047 1097; x_wconf 86' lang='lat' dir='ltr'>O.),</span> <span class='ocrx_word' id='word_1_119' title='bbox 1079 1066 1156 1098; x_wconf 84' lang='lat' dir='ltr'>quas</span> <span class='ocrx_word' id='word_1_120' title='bbox 1184 1055 1309 1098; x_wconf 86' lang='lat' dir='ltr'>quidem</span> <span class='ocrx_word' id='word_1_121' title='bbox 1334 1061 1514 1098; x_wconf 88' lang='lat' dir='ltr'>postremas</span> <span class='ocrx_word' id='word_1_122' title='bbox 1535 1052 1658 1097; x_wconf 82' lang='lat' dir='ltr'>figuras</span> <span class='ocrx_word' id='word_1_123' title='bbox 1679 1053 1735 1085; x_wconf 86' lang='lat' dir='ltr'>vix</span> <span class='ocrx_word' id='word_1_124' title='bbox 1758 1051 1878 1084; x_wconf 87' lang='lat' dir='ltr'>Nunim</span> <span class='ocrx_word' id='word_1_125' title='bbox 1900 1062 1972 1083; x_wconf 83' lang='lat' dir='ltr'>esse</span> 
     </span>
     <span class='ocr_line' id='line_1_11' title="bbox 347 1107 1971 1154; baseline 0 -15"><span class='ocrx_word' id='word_1_126' title='bbox 347 1107 582 1146; x_wconf 75' lang='lat' dir='ltr'>intellexisses,</span> <span class='ocrx_word' id='word_1_127' title='bbox 621 1109 682 1140; x_wconf 83' lang='lat' dir='ltr'>nisi</span> <span class='ocrx_word' id='word_1_128' title='bbox 717 1110 750 1140; x_wconf 89' lang='lat' dir='ltr'>in</span> <span class='ocrx_word' id='word_1_129' title='bbox 788 1118 953 1143; x_wconf 78' lang='lat' dir='ltr'><strong>constante</strong></span> <span class='ocrx_word' id='word_1_130' title='bbox 991 1119 1138 1144; x_wconf 86' lang='lat' dir='ltr'>monetae</span> <span class='ocrx_word' id='word_1_131' title='bbox 1170 1109 1370 1143; x_wconf 80' lang='lat' dir='ltr'>Cossuraeae</span> <span class='ocrx_word' id='word_1_132' title='bbox 1406 1109 1578 1154; x_wconf 78' lang='lat' dir='ltr'><strong>epigraphe</strong></span> <span class='ocrx_word' id='word_1_133' title='bbox 1611 1117 1680 1144; x_wconf 69' lang='lat' dir='ltr'>ua:</span> <span class='ocrx_word' id='word_1_134' title='bbox 1681 1119 1703 1143; x_wconf 70' lang='lat' dir='ltr'>tt</span> <span class='ocrx_word' id='word_1_135' title='bbox 1741 1114 1971 1152; x_wconf 77' lang='lat' dir='ltr'>comparerent.</span> 
     </span>
     <span class='ocr_line' id='line_1_12' title="bbox 347 1163 1200 1210; baseline 0.006 -15"><span class='ocrx_word' id='word_1_136' title='bbox 347 1163 518 1202; x_wconf 81' lang='lat' dir='ltr'><strong>Quomodo</strong></span> <span class='ocrx_word' id='word_1_137' title='bbox 538 1171 629 1196; x_wconf 82' lang='lat' dir='ltr'>ortae</span> <span class='ocrx_word' id='word_1_138' title='bbox 651 1167 734 1205; x_wconf 81' lang='lat' dir='ltr'>sint,</span> <span class='ocrx_word' id='word_1_139' title='bbox 757 1177 799 1198; x_wconf 91' lang='lat' dir='ltr'>ex</span> <span class='ocrx_word' id='word_1_140' title='bbox 822 1178 918 1210; x_wconf 90' lang='lat' dir='ltr'>supra</span> <span class='ocrx_word' id='word_1_141' title='bbox 942 1169 1035 1200; x_wconf 88' lang='lat' dir='ltr'>dictis</span> <span class='ocrx_word' id='word_1_142' title='bbox 1058 1174 1200 1210; x_wconf 85' lang='lat' dir='ltr'>apparet.</span> 
     </span>
    </p>

    <p class='ocr_par' dir='ltr' id='par_1_6' title="bbox 476 1216 2002 1266">
     <span class='ocr_line' id='line_1_13' title="bbox 476 1216 2002 1266; baseline -0.001 -13"><span class='ocrx_word' id='word_1_143' title='bbox 476 1221 595 1263; x_wconf 82' lang='lat' dir='ltr'>Magna</span> <span class='ocrx_word' id='word_1_144' title='bbox 617 1223 782 1264; x_wconf 81' lang='lat' dir='ltr'>signorum</span> <span class='ocrx_word' id='word_1_145' title='bbox 806 1225 942 1257; x_wconf 86' lang='lat' dir='ltr'>varietas</span> <span class='ocrx_word' id='word_1_146' title='bbox 965 1232 1014 1257; x_wconf 83' lang='lat' dir='ltr'>est</span> <span class='ocrx_word' id='word_1_147' title='bbox 1033 1226 1065 1256; x_wconf 90' lang='lat' dir='ltr'>in</span> <span class='ocrx_word' id='word_1_148' title='bbox 1086 1225 1191 1256; x_wconf 87' lang='lat' dir='ltr'>media</span> <span class='ocrx_word' id='word_1_149' title='bbox 1206 1223 1312 1256; x_wconf 87' lang='lat' dir='ltr'>littera</span> <span class='ocrx_word' id='word_1_150' title='bbox 1326 1234 1514 1262; x_wconf 88' lang='lat' dir='ltr'>numorum,</span> <span class='ocrx_word' id='word_1_151' title='bbox 1537 1233 1617 1266; x_wconf 82' lang='lat' dir='ltr'>quos</span> <span class='ocrx_word' id='word_1_152' title='bbox 1632 1221 1849 1264; x_wconf 80' lang='lat' dir='ltr'>Lindbergius</span> <span class='ocrx_word' id='word_1_153' title='bbox 1865 1219 1974 1252; x_wconf 80' lang='lat' dir='ltr'>Sextis</span> <span class='ocrx_word' id='word_1_154' title='bbox 1998 1216 2002 1220; x_wconf 79' lang='grc'><strong>’</strong></span> 
     </span>
    </p>
   </div>
   <div class='ocr_carea' id='block_1_6' title="bbox 348 1276 1975 1322">
    <p class='ocr_par' dir='ltr' id='par_1_7' title="bbox 348 1276 1975 1322">
     <span class='ocr_line' id='line_1_14' title="bbox 348 1276 1975 1322; baseline 0.001 -15"><span class='ocrx_word' id='word_1_155' title='bbox 348 1277 476 1315; x_wconf 76' lang='lat' dir='ltr'>tribuit,</span> <span class='ocrx_word' id='word_1_156' title='bbox 501 1288 558 1308; x_wconf 90' lang='lat' dir='ltr'>nos</span> <span class='ocrx_word' id='word_1_157' title='bbox 575 1276 674 1320; x_wconf 84' lang='lat' dir='ltr'>Tingi</span> <span class='ocrx_word' id='word_1_158' title='bbox 688 1278 902 1311; x_wconf 75' lang='lat' dir='ltr'>Mauritaniae</span> <span class='ocrx_word' id='word_1_159' title='bbox 919 1282 1112 1313; x_wconf 83' lang='lat' dir='ltr'>vindicatum</span> <span class='ocrx_word' id='word_1_160' title='bbox 1134 1280 1253 1313; x_wconf 87' lang='lat' dir='ltr'>ibimus</span> <span class='ocrx_word' id='word_1_161' title='bbox 1273 1280 1318 1322; x_wconf 87' lang='lat' dir='ltr'>(v.</span> <span class='ocrx_word' id='word_1_162' title='bbox 1335 1279 1391 1312; x_wconf 86' lang='lat' dir='ltr'>lib.</span> <span class='ocrx_word' id='word_1_163' title='bbox 1407 1279 1465 1318; x_wconf 89' lang='lat'>11,1</span> <span class='ocrx_word' id='word_1_164' title='bbox 1488 1290 1541 1313; x_wconf 88' lang='lat' dir='ltr'>no.</span> <span class='ocrx_word' id='word_1_165' title='bbox 1556 1277 1664 1319; x_wconf 86' lang='lat' dir='ltr'><strong>XVI).</strong></span> <span class='ocrx_word' id='word_1_166' title='bbox 1708 1277 1776 1310; x_wconf 89' lang='lat' dir='ltr'>Iam</span> <span class='ocrx_word' id='word_1_167' title='bbox 1792 1277 1975 1319; x_wconf 77' lang='lat' dir='ltr'>superiores</span> 
     </span>
    </p>
   </div>
   <div class='ocr_carea' id='block_1_7' title="bbox 349 1332 1974 1436">
    <p class='ocr_par' dir='ltr' id='par_1_8' title="bbox 349 1332 1974 1436">
     <span class='ocr_line' id='line_1_15' title="bbox 349 1332 1974 1379; baseline 0.001 -16"><span class='ocrx_word' id='word_1_168' title='bbox 349 1332 595 1375; x_wconf 81' lang='lat' dir='ltr'>Palaeographi‚</span> <span class='ocrx_word' id='word_1_169' title='bbox 626 1342 659 1366; x_wconf 92' lang='lat' dir='ltr'>ut</span> <span class='ocrx_word' id='word_1_170' title='bbox 683 1333 844 1376; x_wconf 82' lang='lat' dir='ltr'>Bayerus,</span> <span class='ocrx_word' id='word_1_171' title='bbox 874 1348 947 1379; x_wconf 35' lang='lat' dir='ltr'>eam-</span> <span class='ocrx_word' id='word_1_172' title='bbox 968 1337 1046 1369; x_wconf 73' lang='lat' dir='ltr'>Nun</span> <span class='ocrx_word' id='word_1_173' title='bbox 1068 1347 1140 1368; x_wconf 85' lang='lat' dir='ltr'>esse</span> <span class='ocrx_word' id='word_1_174' title='bbox 1163 1343 1373 1376; x_wconf 82' lang='lat' dir='ltr'>censuerunt,</span> <span class='ocrx_word' id='word_1_175' title='bbox 1403 1334 1621 1378; x_wconf 79' lang='lat' dir='ltr'>Lindbergius</span> <span class='ocrx_word' id='word_1_176' title='bbox 1645 1333 1737 1378; x_wconf 69' lang='lat' dir='ltr'>Caph</span> <span class='ocrx_word' id='word_1_177' title='bbox 1757 1343 1829 1366; x_wconf 83' lang='lat' dir='ltr'>esse</span> <span class='ocrx_word' id='word_1_178' title='bbox 1851 1333 1974 1365; x_wconf 76' lang='lat' dir='ltr'>statuit.</span> 
     </span>
     <span class='ocr_line' id='line_1_16' title="bbox 349 1388 1094 1436; baseline 0.005 -16"><span class='ocrx_word' id='word_1_179' title='bbox 349 1389 390 1420; x_wconf 87' lang='lat' dir='ltr'>Et</span> <span class='ocrx_word' id='word_1_180' title='bbox 413 1388 487 1420; x_wconf 87' lang='lat' dir='ltr'>huic</span> <span class='ocrx_word' id='word_1_181' title='bbox 510 1389 635 1432; x_wconf 88' lang='lat' dir='ltr'>quidem</span> <span class='ocrx_word' id='word_1_182' title='bbox 659 1390 768 1422; x_wconf 75' lang='lat' dir='ltr'>favere</span> <span class='ocrx_word' id='word_1_183' title='bbox 791 1393 936 1425; x_wconf 88' lang='lat' dir='ltr'>videntur</span> <span class='ocrx_word' id='word_1_184' title='bbox 958 1392 1094 1436; x_wconf 80' lang='lat' dir='ltr'>figurae,</span> 
     </span>
    </p>
   </div>
   <div class='ocr_carea' id='block_1_8' title="bbox 993 1448 1271 1550">
    <p class='ocr_par' dir='ltr' id='par_1_9' title="bbox 993 1448 1271 1550">
     <span class='ocr_line' id='line_1_17' title="bbox 993 1448 1271 1550; baseline -0.022 0"><span class='ocrx_word' id='word_1_185' title='bbox 993 1448 1067 1550; x_wconf 55' lang='lat'>’7</span> <span class='ocrx_word' id='word_1_186' title='bbox 1229 1470 1271 1544; x_wconf 67' lang='lat' dir='ltr'>‘s</span> 
     </span>
    </p>
   </div>
   <div class='ocr_carea' id='block_1_9' title="bbox 350 1565 1972 1669">
    <p class='ocr_par' dir='ltr' id='par_1_10' title="bbox 350 1565 1972 1669">
     <span class='ocr_line' id='line_1_18' title="bbox 350 1565 1972 1615; baseline 0.006 -16"><span class='ocrx_word' id='word_1_187' title='bbox 350 1577 431 1610; x_wconf 86' lang='lat' dir='ltr'>quae</span> <span class='ocrx_word' id='word_1_188' title='bbox 462 1573 568 1598; x_wconf 90' lang='lat' dir='ltr'>tamen</span> <span class='ocrx_word' id='word_1_189' title='bbox 598 1572 631 1597; x_wconf 87' lang='lat' dir='ltr'>et</span> <span class='ocrx_word' id='word_1_190' title='bbox 658 1567 745 1608; x_wconf 81' lang='lat' dir='ltr'>ipsae</span> <span class='ocrx_word' id='word_1_191' title='bbox 775 1567 896 1602; x_wconf 89' lang='lat' dir='ltr'>Nunim</span> <span class='ocrx_word' id='word_1_192' title='bbox 926 1581 997 1603; x_wconf 86' lang='lat' dir='ltr'>esse</span> <span class='ocrx_word' id='word_1_193' title='bbox 1027 1579 1159 1615; x_wconf 77' lang='lat' dir='ltr'>possunt</span> <span class='ocrx_word' id='word_1_194' title='bbox 1187 1570 1249 1612; x_wconf 70' lang='lat' dir='ltr'>(cf.</span> <span class='ocrx_word' id='word_1_195' title='bbox 1277 1581 1375 1613; x_wconf 72' lang='lat' dir='ltr'>supra</span> <span class='ocrx_word' id='word_1_196' title='bbox 1401 1571 1556 1612; x_wconf 79' lang='lat'><strong>8—12):</strong></span> <span class='ocrx_word' id='word_1_197' title='bbox 1593 1575 1704 1602; x_wconf 64' lang='lat' dir='ltr'>eontra</span> <span class='ocrx_word' id='word_1_198' title='bbox 1725 1568 1816 1600; x_wconf 72' lang='lat' dir='ltr'>numi</span> <span class='ocrx_word' id='word_1_199' title='bbox 1836 1566 1863 1600; x_wconf 75' lang='lat' dir='ltr'>F</span> <span class='ocrx_word' id='word_1_200' title='bbox 1885 1573 1918 1599; x_wconf 56' lang='grc' dir='ltr'>θ(</span> <span class='ocrx_word' id='word_1_201' title='bbox 1941 1565 1972 1599; x_wconf 83' lang='lat' dir='ltr'>D</span> 
     </span>
     <span class='ocr_line' id='line_1_19' title="bbox 350 1622 993 1669; baseline 0.009 -14"><span class='ocrx_word' id='word_1_202' title='bbox 350 1623 470 1669; x_wconf 84' lang='lat' dir='ltr'>babent</span> <span class='ocrx_word' id='word_1_203' title='bbox 492 1622 695 1655; x_wconf 76' lang='lat' dir='ltr'>manifestum</span> <span class='ocrx_word' id='word_1_204' title='bbox 717 1622 812 1663; x_wconf 80' lang='lat' dir='ltr'>Nun,</span> <span class='ocrx_word' id='word_1_205' title='bbox 843 1632 875 1657; x_wconf 83' lang='lat' dir='ltr'>et</span> <span class='ocrx_word' id='word_1_206' title='bbox 897 1628 993 1660; x_wconf 82' lang='lat' dir='ltr'>etiam</span> 
     </span>
    </p>
   </div>
   <div class='ocr_carea' id='block_1_10' title="bbox 348 1800 2025 2563">
    <p class='ocr_par' dir='ltr' id='par_1_11' title="bbox 348 1800 2025 2563">
     <span class='ocr_line' id='line_1_20' title="bbox 348 1800 1096 1848; baseline 0.011 -17"><span class='ocrx_word' id='word_1_207' title='bbox 348 1803 381 1832; x_wconf 89' lang='lat' dir='ltr'>in</span> <span class='ocrx_word' id='word_1_208' title='bbox 405 1800 562 1842; x_wconf 75' lang='lat' dir='ltr'>exemplis</span> <span class='ocrx_word' id='word_1_209' title='bbox 585 1800 612 1833; x_wconf 90' lang='lat' dir='ltr'>B</span> <span class='ocrx_word' id='word_1_210' title='bbox 636 1809 668 1833; x_wconf 87' lang='lat' dir='ltr'>et</span> <span class='ocrx_word' id='word_1_211' title='bbox 690 1801 720 1834; x_wconf 91' lang='lat' dir='ltr'>N</span> <span class='ocrx_word' id='word_1_212' title='bbox 743 1803 805 1835; x_wconf 85' lang='lat' dir='ltr'>hnc</span> <span class='ocrx_word' id='word_1_213' title='bbox 825 1804 939 1837; x_wconf 77' lang='lat' dir='ltr'>referri</span> <span class='ocrx_word' id='word_1_214' title='bbox 963 1808 1096 1848; x_wconf 76' lang='lat' dir='ltr'>possint.</span> 
     </span>
     <span class='ocr_line' id='line_1_21' title="bbox 476 1856 1971 1906; baseline 0.003 -18"><span class='ocrx_word' id='word_1_215' title='bbox 476 1856 512 1888; x_wconf 91' lang='lat' dir='ltr'>ln</span> <span class='ocrx_word' id='word_1_216' title='bbox 543 1856 723 1890; x_wconf 83' lang='lat' dir='ltr'>Numidicis</span> <span class='ocrx_word' id='word_1_217' title='bbox 752 1859 827 1892; x_wconf 91' lang='lat' dir='ltr'>Nun</span> <span class='ocrx_word' id='word_1_218' title='bbox 858 1861 976 1904; x_wconf 81' lang='lat' dir='ltr'>duplici</span> <span class='ocrx_word' id='word_1_219' title='bbox 1005 1863 1101 1895; x_wconf 89' lang='lat' dir='ltr'>modo</span> <span class='ocrx_word' id='word_1_220' title='bbox 1124 1863 1285 1906; x_wconf 79' lang='lat' dir='ltr'>pingitur:</span> <span class='ocrx_word' id='word_1_221' title='bbox 1321 1860 1446 1903; x_wconf 88' lang='lat' dir='ltr'>plenius</span> <span class='ocrx_word' id='word_1_222' title='bbox 1467 1863 1500 1895; x_wconf 92' lang='lat' dir='ltr'>in</span> <span class='ocrx_word' id='word_1_223' title='bbox 1524 1862 1708 1895; x_wconf 83' lang='lat' dir='ltr'>nominibus</span> <span class='ocrx_word' id='word_1_224' title='bbox 1731 1860 1885 1904; x_wconf 79' lang='lat' dir='ltr'>propriis,</span> <span class='ocrx_word' id='word_1_225' title='bbox 1917 1857 1971 1890; x_wconf 73' lang='lat' dir='ltr'>ubi</span> 
     </span>
     <span class='ocr_line' id='line_1_22' title="bbox 349 1914 1511 1962; baseline 0.005 -18"><span class='ocrx_word' id='word_1_226' title='bbox 349 1914 469 1944; x_wconf 88' lang='lat' dir='ltr'>maiore</span> <span class='ocrx_word' id='word_1_227' title='bbox 493 1915 693 1946; x_wconf 79' lang='lat' dir='ltr'>accuratione</span> <span class='ocrx_word' id='word_1_228' title='bbox 715 1926 795 1957; x_wconf 87' lang='lat' dir='ltr'>opus</span> <span class='ocrx_word' id='word_1_229' title='bbox 817 1925 901 1957; x_wconf 83' lang='lat' dir='ltr'>erat,</span> <span class='ocrx_word' id='word_1_230' title='bbox 925 1918 1141 1962; x_wconf 82' lang='lat' dir='ltr'>negligentius</span> <span class='ocrx_word' id='word_1_231' title='bbox 1163 1920 1196 1950; x_wconf 91' lang='lat' dir='ltr'>in</span> <span class='ocrx_word' id='word_1_232' title='bbox 1221 1916 1388 1950; x_wconf 81' lang='lat' dir='ltr'>vocabulis</span> <span class='ocrx_word' id='word_1_233' title='bbox 1409 1920 1511 1950; x_wconf 85' lang='lat' dir='ltr'>tritis:</span> 
     </span>
     <span class='ocr_line' id='line_1_23' title="bbox 351 2012 1973 2171; baseline 0.005 -17"><span class='ocrx_word' id='word_1_234' title='bbox 351 2125 414 2154; x_wconf 76' lang='lat' dir='ltr'>vic.</span> <span class='ocrx_word' id='word_1_235' title='bbox 441 2120 570 2154; x_wconf 84' lang='lat' dir='ltr'>Numid.</span> <span class='ocrx_word' id='word_1_236' title='bbox 593 2126 628 2161; x_wconf 91' lang='lat'>1,</span> <span class='ocrx_word' id='word_1_237' title='bbox 649 2127 670 2154; x_wconf 85' lang='lat'>4</span> <span class='ocrx_word' id='word_1_238' title='bbox 691 2125 723 2156; x_wconf 88' lang='lat' dir='ltr'>in</span> <span class='ocrx_word' id='word_1_239' title='bbox 746 2124 940 2159; x_wconf 73' lang='lat' dir='ltr'>Masinissae</span> <span class='ocrx_word' id='word_1_240' title='bbox 962 2012 1190 2160; x_wconf 71' lang='lat' dir='ltr'>nominetlcic.</span> <span class='ocrx_word' id='word_1_241' title='bbox 1207 2131 1325 2171; x_wconf 58' lang='lat' dir='ltr'>prinu,</span> <span class='ocrx_word' id='word_1_242' title='bbox 1347 2128 1432 2171; x_wconf 84' lang='lat' dir='ltr'>quod</span> <span class='ocrx_word' id='word_1_243' title='bbox 1454 2128 1538 2160; x_wconf 82' lang='lat' dir='ltr'>infra</span> <span class='ocrx_word' id='word_1_244' title='bbox 1559 2126 1676 2160; x_wconf 76' lang='lat' dir='ltr'>lineam</span> <span class='ocrx_word' id='word_1_245' title='bbox 1701 2124 1916 2169; x_wconf 69' lang='lat' dir='ltr'>protenditur,</span> <span class='ocrx_word' id='word_1_246' title='bbox 1938 2129 1973 2154; x_wconf 71' lang='lat'>¹¹²</span> 
     </span>
     <span class='ocr_line' id='line_1_24' title="bbox 350 2178 1971 2229; baseline 0.008 -22"><span class='ocrx_word' id='word_1_247' title='bbox 350 2178 472 2211; x_wconf 79' lang='lat' dir='ltr'>Lamed</span> <span class='ocrx_word' id='word_1_248' title='bbox 495 2189 592 2220; x_wconf 81' lang='lat' dir='ltr'>supra</span> <span class='ocrx_word' id='word_1_249' title='bbox 613 2190 695 2218; x_wconf 88' lang='lat' dir='ltr'>eam,</span> <span class='ocrx_word' id='word_1_250' title='bbox 717 2180 848 2214; x_wconf 85' lang='lat' dir='ltr'>Numid.</span> <span class='ocrx_word' id='word_1_251' title='bbox 870 2186 900 2221; x_wconf 79' lang='lat'>1,</span> <span class='ocrx_word' id='word_1_252' title='bbox 924 2186 952 2216; x_wconf 90' lang='lat'>1.</span> <span class='ocrx_word' id='word_1_253' title='bbox 977 2187 1006 2215; x_wconf 83' lang='lat'>2.</span> <span class='ocrx_word' id='word_1_254' title='bbox 1030 2186 1060 2215; x_wconf 83' lang='grc'>3.</span> <span class='ocrx_word' id='word_1_255' title='bbox 1081 2188 1102 2216; x_wconf 78' lang='grc'><strong>4</strong></span> <span class='ocrx_word' id='word_1_256' title='bbox 1123 2185 1268 2229; x_wconf 72' lang='lat' dir='ltr'>(inrm,</span> <span class='ocrx_word' id='word_1_257' title='bbox 1286 2185 1347 2227; x_wconf 59' lang='lat' dir='ltr'>za)</span> <span class='ocrx_word' id='word_1_258' title='bbox 1371 2188 1406 2223; x_wconf 89' lang='lat'>2,</span> <span class='ocrx_word' id='word_1_259' title='bbox 1428 2187 1459 2216; x_wconf 83' lang='lat'>2.</span> <span class='ocrx_word' id='word_1_260' title='bbox 1482 2187 1501 2216; x_wconf 87' lang='grc'>3</span> <span class='ocrx_word' id='word_1_261' title='bbox 1525 2186 1571 2223; x_wconf 84' lang='lat' dir='ltr'>(in</span> <span class='ocrx_word' id='word_1_262' title='bbox 1594 2193 1673 2226; x_wconf 69' lang='grc' dir='ltr'>τηε,</span> <span class='ocrx_word' id='word_1_263' title='bbox 1696 2183 1756 2227; x_wconf 62' lang='grc' dir='ltr'>τι).</span> <span class='ocrx_word' id='word_1_264' title='bbox 1779 2183 1810 2219; x_wconf 79' lang='grc'>3,</span> <span class='ocrx_word' id='word_1_265' title='bbox 1834 2183 1863 2212; x_wconf 83' lang='lat'>¹·</span> <span class='ocrx_word' id='word_1_266' title='bbox 1885 2183 1918 2219; x_wconf 76' lang='lat'>4,</span> <span class='ocrx_word' id='word_1_267' title='bbox 1940 2180 1971 2211; x_wconf 76' lang='lat'>³·</span> 
     </span>
     <span class='ocr_line' id='line_1_25' title="bbox 352 2236 1971 2283; baseline 0.004 -16"><span class='ocrx_word' id='word_1_268' title='bbox 352 2237 503 2273; x_wconf 82' lang='lat'><strong>5,1.6‚</strong></span> <span class='ocrx_word' id='word_1_269' title='bbox 528 2237 554 2265; x_wconf 91' lang='lat'>1.</span> <span class='ocrx_word' id='word_1_270' title='bbox 579 2237 598 2266; x_wconf 89' lang='grc'>3</span> <span class='ocrx_word' id='word_1_271' title='bbox 621 2236 666 2276; x_wconf 89' lang='lat' dir='ltr'>(in</span> <span class='ocrx_word' id='word_1_272' title='bbox 692 2238 750 2279; x_wconf 69' lang='lat'>72).</span> <span class='ocrx_word' id='word_1_273' title='bbox 789 2241 860 2277; x_wconf 85' lang='lat'>7,1</span> <span class='ocrx_word' id='word_1_274' title='bbox 894 2241 938 2280; x_wconf 76' lang='lat' dir='ltr'>(in</span> <span class='ocrx_word' id='word_1_275' title='bbox 962 2241 1021 2283; x_wconf 62' lang='grc' dir='ltr'>μ).</span> <span class='ocrx_word' id='word_1_276' title='bbox 1060 2244 1122 2272; x_wconf 77' lang='lat' dir='ltr'>vic.</span> <span class='ocrx_word' id='word_1_277' title='bbox 1146 2253 1209 2273; x_wconf 70' lang='lat' dir='ltr'>sec.</span> <span class='ocrx_word' id='word_1_278' title='bbox 1232 2240 1364 2273; x_wconf 87' lang='lat' dir='ltr'>Numid.</span> <span class='ocrx_word' id='word_1_279' title='bbox 1387 2245 1426 2280; x_wconf 83' lang='lat'>2,</span> <span class='ocrx_word' id='word_1_280' title='bbox 1451 2244 1480 2275; x_wconf 82' lang='grc' dir='ltr'>ί</span> <span class='ocrx_word' id='word_1_281' title='bbox 1506 2243 1601 2279; x_wconf 86' lang='grc'>3,1</span> <span class='ocrx_word' id='word_1_282' title='bbox 1629 2237 1755 2282; x_wconf 83' lang='lat' dir='ltr'>Tripol.</span> <span class='ocrx_word' id='word_1_283' title='bbox 1777 2240 1797 2269; x_wconf 89' lang='grc'><strong>2</strong></span> <span class='ocrx_word' id='word_1_284' title='bbox 1819 2237 1864 2279; x_wconf 83' lang='lat' dir='ltr'>(in</span> <span class='ocrx_word' id='word_1_285' title='bbox 1889 2236 1971 2278; x_wconf 59' lang='lat'>35⁸³)-</span> 
     </span>
     <span class='ocr_line' id='line_1_26' title="bbox 352 2290 1971 2351; baseline 0.001 -30"><span class='ocrx_word' id='word_1_286' title='bbox 352 2290 443 2322; x_wconf 82' lang='lat' dir='ltr'>Haec</span> <span class='ocrx_word' id='word_1_287' title='bbox 464 2291 527 2322; x_wconf 89' lang='lat' dir='ltr'>duo</span> <span class='ocrx_word' id='word_1_288' title='bbox 550 2292 643 2333; x_wconf 80' lang='lat' dir='ltr'>signa</span> <span class='ocrx_word' id='word_1_289' title='bbox 670 2296 846 2334; x_wconf 83' lang='lat' dir='ltr'>posteriora</span> <span class='ocrx_word' id='word_1_290' title='bbox 874 2297 1003 2328; x_wconf 88' lang='lat' dir='ltr'>nonnisi</span> <span class='ocrx_word' id='word_1_291' title='bbox 1030 2308 1127 2329; x_wconf 84' lang='lat' dir='ltr'>sensu</span> <span class='ocrx_word' id='word_1_292' title='bbox 1157 2297 1207 2329; x_wconf 79' lang='lat' dir='ltr'>vel</span> <span class='ocrx_word' id='word_1_293' title='bbox 1230 2299 1336 2340; x_wconf 86' lang='lat' dir='ltr'>potins</span> <span class='ocrx_word' id='word_1_294' title='bbox 1358 2298 1456 2329; x_wconf 81' lang='lat' dir='ltr'>totius</span> <span class='ocrx_word' id='word_1_295' title='bbox 1481 2295 1628 2329; x_wconf 75' lang='lat' dir='ltr'>vocabuli</span> <span class='ocrx_word' id='word_1_296' title='bbox 1649 2294 1786 2327; x_wconf 82' lang='lat' dir='ltr'>lectione</span> <span class='ocrx_word' id='word_1_297' title='bbox 1807 2303 1828 2325; x_wconf 77' lang='lat' dir='ltr'>a</span> <span class='ocrx_word' id='word_1_298' title='bbox 1849 2292 1971 2351; x_wconf 81' lang='lat' dir='ltr'>Lamed</span> 
     </span>
     <span class='ocr_line' id='line_1_27' title="bbox 352 2347 896 2389; baseline 0.009 -11"><span class='ocrx_word' id='word_1_299' title='bbox 352 2347 610 2389; x_wconf 75' lang='lat' dir='ltr'>distinguuntur,</span> <span class='ocrx_word' id='word_1_300' title='bbox 634 2358 664 2380; x_wconf 90' lang='lat' dir='ltr'>v.</span> <span class='ocrx_word' id='word_1_301' title='bbox 687 2350 823 2389; x_wconf 68' lang='lat' dir='ltr'>infra5.</span> <span class='ocrx_word' id='word_1_302' title='bbox 845 2353 896 2384; x_wconf 85' lang='lat'><strong>35.</strong></span> 
     </span>
     <span class='ocr_line' id='line_1_28' title="bbox 525 2403 1973 2451; baseline 0.001 -16.05"><span class='ocrx_word' id='word_1_303' title='bbox 525 2403 610 2442; x_wconf 89' lang='lat' dir='ltr'>„Ex</span> <span class='ocrx_word' id='word_1_304' title='bbox 640 2406 801 2447; x_wconf 88' lang='lat' dir='ltr'>primariis</span> <span class='ocrx_word' id='word_1_305' title='bbox 829 2414 862 2438; x_wconf 87' lang='lat' dir='ltr'>et</span> <span class='ocrx_word' id='word_1_306' title='bbox 892 2409 1007 2439; x_wconf 81' lang='lat' dir='ltr'>nativis</span> <span class='ocrx_word' id='word_1_307' title='bbox 1036 2407 1149 2451; x_wconf 79' lang='lat' dir='ltr'>figuris</span> <span class='ocrx_word' id='word_1_308' title='bbox 1170 2416 1278 2441; x_wconf 84' lang='lat' dir='ltr'>ortum</span> <span class='ocrx_word' id='word_1_309' title='bbox 1298 2416 1348 2442; x_wconf 85' lang='lat' dir='ltr'>est</span> <span class='ocrx_word' id='word_1_310' title='bbox 1368 2410 1421 2441; x_wconf 83' lang='grc' dir='ltr'>Νὕ</span> <span class='ocrx_word' id='word_1_311' title='bbox 1444 2408 1661 2447; x_wconf 77' lang='lat' dir='ltr'>Graecorum,</span> <span class='ocrx_word' id='word_1_312' title='bbox 1690 2407 1791 2439; x_wconf 87' lang='lat' dir='ltr'>canda</span> <span class='ocrx_word' id='word_1_313' title='bbox 1820 2406 1973 2445; x_wconf 77' lang='lat' dir='ltr'>duntaxat</span> 
     </span>
     <span class='ocr_line' id='line_1_29' title="bbox 438 2460 2025 2512; baseline 0.007 -22"><span class='ocrx_word' id='word_1_314' title='bbox 438 2470 528 2502; x_wconf 90' lang='lat' dir='ltr'>„pro</span> <span class='ocrx_word' id='word_1_315' title='bbox 550 2461 673 2492; x_wconf 88' lang='lat' dir='ltr'>ratione</span> <span class='ocrx_word' id='word_1_316' title='bbox 692 2473 827 2504; x_wconf 81' lang='lat' dir='ltr'>graecae</span> <span class='ocrx_word' id='word_1_317' title='bbox 849 2465 1024 2505; x_wconf 84' lang='lat' dir='ltr'>scripturae</span> <span class='ocrx_word' id='word_1_318' title='bbox 1049 2465 1093 2506; x_wconf 85' lang='lat' dir='ltr'>(v.</span> <span class='ocrx_word' id='word_1_319' title='bbox 1111 2476 1142 2507; x_wconf 90' lang='lat' dir='ltr'>p.</span> <span class='ocrx_word' id='word_1_320' title='bbox 1162 2469 1202 2497; x_wconf 89' lang='grc'>29</span> <span class='ocrx_word' id='word_1_321' title='bbox 1226 2465 1304 2507; x_wconf 88' lang='lat' dir='ltr'>not.)</span> <span class='ocrx_word' id='word_1_322' title='bbox 1325 2467 1432 2512; x_wconf 63' lang='lat' dir='ltr'>gainus</span> <span class='ocrx_word' id='word_1_323' title='bbox 1457 2464 1574 2508; x_wconf 86' lang='lat' dir='ltr'>longa,</span> <span class='ocrx_word' id='word_1_324' title='bbox 1595 2471 1628 2496; x_wconf 87' lang='lat' dir='ltr'>et</span> <span class='ocrx_word' id='word_1_325' title='bbox 1645 2474 1730 2507; x_wconf 81' lang='lat' dir='ltr'>genu</span> <span class='ocrx_word' id='word_1_326' title='bbox 1752 2461 1860 2505; x_wconf 69' lang='lat' dir='ltr'>paullo</span> <span class='ocrx_word' id='word_1_327' title='bbox 1882 2460 1973 2493; x_wconf 63' lang='lat' dir='ltr'>alim·</span> <span class='ocrx_word' id='word_1_328' title='bbox 2020 2483 2025 2493; x_wconf 42' lang='grc' dir='ltr'><em>κ</em></span> 
     </span>
     <span class='ocr_line' id='line_1_30' title="bbox 440 2516 1975 2563; baseline 0.003 -17"><span class='ocrx_word' id='word_1_329' title='bbox 440 2537 462 2554; x_wconf 91' lang='grc'>,,</span> <span class='ocrx_word' id='word_1_330' title='bbox 472 2522 503 2547; x_wconf 92' lang='lat' dir='ltr'>et</span> <span class='ocrx_word' id='word_1_331' title='bbox 515 2516 560 2547; x_wconf 89' lang='lat' dir='ltr'>ita</span> <span class='ocrx_word' id='word_1_332' title='bbox 575 2517 673 2558; x_wconf 88' lang='lat' dir='ltr'>picto,</span> <span class='ocrx_word' id='word_1_333' title='bbox 698 2525 732 2549; x_wconf 90' lang='lat' dir='ltr'>ut</span> <span class='ocrx_word' id='word_1_334' title='bbox 745 2518 848 2550; x_wconf 87' lang='lat' dir='ltr'>femur</span> <span class='ocrx_word' id='word_1_335' title='bbox 862 2518 946 2551; x_wconf 86' lang='lat' dir='ltr'>ultra</span> <span class='ocrx_word' id='word_1_336' title='bbox 958 2521 1085 2551; x_wconf 90' lang='lat' dir='ltr'>initium</span> <span class='ocrx_word' id='word_1_337' title='bbox 1101 2522 1202 2552; x_wconf 87' lang='lat' dir='ltr'>cruris</span> <span class='ocrx_word' id='word_1_338' title='bbox 1216 2522 1399 2560; x_wconf 84' lang='lat' dir='ltr'>descendat,</span> <span class='ocrx_word' id='word_1_339' title='bbox 1413 2521 1500 2553; x_wconf 88' lang='lat' dir='ltr'>linea</span> <span class='ocrx_word' id='word_1_340' title='bbox 1516 2528 1620 2553; x_wconf 86' lang='lat' dir='ltr'>autem</span> <span class='ocrx_word' id='word_1_341' title='bbox 1635 2530 1720 2563; x_wconf 81' lang='lat' dir='ltr'>genu</span> <span class='ocrx_word' id='word_1_342' title='bbox 1733 2524 1975 2561; x_wconf 72' lang='lat' dir='ltr'>repraesentans</span> 
     </span>
    </p>
   </div>
   <div class='ocr_carea' id='block_1_11' title="bbox 440 2572 1975 2620">
    <p class='ocr_par' dir='ltr' id='par_1_12' title="bbox 440 2572 1975 2620">
     <span class='ocr_line' id='line_1_31' title="bbox 440 2572 1975 2620; baseline 0.001 -17"><span class='ocrx_word' id='word_1_343' title='bbox 440 2594 462 2610; x_wconf 93' lang='lat'><strong>„</strong></span> <span class='ocrx_word' id='word_1_344' title='bbox 473 2583 535 2603; x_wconf 92' lang='lat' dir='ltr'>non</span> <span class='ocrx_word' id='word_1_345' title='bbox 553 2573 593 2604; x_wconf 88' lang='lat' dir='ltr'>ad</span> <span class='ocrx_word' id='word_1_346' title='bbox 608 2572 752 2606; x_wconf 87' lang='lat' dir='ltr'>libellam</span> <span class='ocrx_word' id='word_1_347' title='bbox 766 2576 809 2606; x_wconf 85' lang='lat' dir='ltr'>sit</span> <span class='ocrx_word' id='word_1_348' title='bbox 822 2576 877 2607; x_wconf 89' lang='lat' dir='ltr'>sed</span> <span class='ocrx_word' id='word_1_349' title='bbox 893 2577 1111 2607; x_wconf 87' lang='lat' dir='ltr'>sinistrorsum</span> <span class='ocrx_word' id='word_1_350' title='bbox 1125 2575 1289 2609; x_wconf 84' lang='lat' dir='ltr'>inclinata.</span> <span class='ocrx_word' id='word_1_351' title='bbox 1333 2576 1455 2609; x_wconf 81' lang='lat' dir='ltr'>Contra</span> <span class='ocrx_word' id='word_1_352' title='bbox 1474 2588 1558 2620; x_wconf 86' lang='lat' dir='ltr'>genn</span> <span class='ocrx_word' id='word_1_353' title='bbox 1573 2577 1774 2609; x_wconf 85' lang='lat' dir='ltr'>dextrorsum</span> <span class='ocrx_word' id='word_1_354' title='bbox 1790 2573 1975 2606; x_wconf 87' lang='lat' dir='ltr'>inclinatum</span> 
     </span>
    </p>
   </div>
   <div class='ocr_carea' id='block_1_12' title="bbox 440 2631 1975 2735">
    <p class='ocr_par' dir='ltr' id='par_1_13' title="bbox 440 2631 1975 2735">
     <span class='ocr_line' id='line_1_32' title="bbox 442 2631 1975 2676; baseline 0.002 -17"><span class='ocrx_word' id='word_1_355' title='bbox 442 2636 522 2667; x_wconf 83' lang='lat' dir='ltr'>„est</span> <span class='ocrx_word' id='word_1_356' title='bbox 551 2631 583 2660; x_wconf 89' lang='lat' dir='ltr'>in</span> <span class='ocrx_word' id='word_1_357' title='bbox 614 2631 771 2672; x_wconf 84' lang='lat' dir='ltr'>scriptura</span> <span class='ocrx_word' id='word_1_358' title='bbox 798 2643 946 2664; x_wconf 80' lang='lat' dir='ltr'>araniaea</span> <span class='ocrx_word' id='word_1_359' title='bbox 974 2634 1178 2675; x_wconf 79' lang='lat' dir='ltr'>aegyptiaca,</span> <span class='ocrx_word' id='word_1_360' title='bbox 1215 2634 1357 2676; x_wconf 84' lang='lat' dir='ltr'>adeoque</span> <span class='ocrx_word' id='word_1_361' title='bbox 1391 2634 1460 2665; x_wconf 84' lang='lat' dir='ltr'>fere</span> <span class='ocrx_word' id='word_1_362' title='bbox 1496 2634 1653 2676; x_wconf 87' lang='lat' dir='ltr'>disparuit</span> <span class='ocrx_word' id='word_1_363' title='bbox 1684 2633 1717 2664; x_wconf 87' lang='lat' dir='ltr'>in</span> <span class='ocrx_word' id='word_1_364' title='bbox 1747 2631 1975 2668; x_wconf 78' lang='lat' dir='ltr'>Blacassianis,</span> 
     </span>
     <span class='ocr_line' id='line_1_33' title="bbox 440 2685 1476 2735; baseline 0.007 -20"><span class='ocrx_word' id='word_1_365' title='bbox 440 2707 462 2722; x_wconf 90' lang='lat'>‚,</span> <span class='ocrx_word' id='word_1_366' title='bbox 475 2687 613 2717; x_wconf 88' lang='lat' dir='ltr'>maxime</span> <span class='ocrx_word' id='word_1_367' title='bbox 636 2687 669 2717; x_wconf 89' lang='lat' dir='ltr'>in</span> <span class='ocrx_word' id='word_1_368' title='bbox 691 2685 797 2729; x_wconf 87' lang='lat' dir='ltr'>figura</span> <span class='ocrx_word' id='word_1_369' title='bbox 818 2686 927 2727; x_wconf 84' lang='lat' dir='ltr'>finali,</span> <span class='ocrx_word' id='word_1_370' title='bbox 950 2695 985 2720; x_wconf 90' lang='lat' dir='ltr'>nt</span> <span class='ocrx_word' id='word_1_371' title='bbox 1006 2689 1040 2720; x_wconf 89' lang='lat' dir='ltr'>in</span> <span class='ocrx_word' id='word_1_372' title='bbox 1060 2688 1241 2731; x_wconf 84' lang='lat' dir='ltr'>phoeniciis</span> <span class='ocrx_word' id='word_1_373' title='bbox 1262 2700 1316 2722; x_wconf 86' lang='lat' dir='ltr'>no.</span> <span class='ocrx_word' id='word_1_374' title='bbox 1337 2692 1369 2722; x_wconf 91' lang='grc'>7.</span> <span class='ocrx_word' id='word_1_375' title='bbox 1391 2693 1476 2735; x_wconf 41' lang='grc'><strong>21,.“</strong></span> 
     </span>
    </p>
   </div>
  </div>
 </body>
</html>
