2242 2976
381 276 458 313 416
523 273 656 307 LIBER
678 270 903 311 QUARTUS.
947 270 1009 303 DE
1030 249 1202 303 LtNGUA
1224 269 1480 304 PHOENICIA.
1524 239 1908 304 CAPUT-TERTIUM.

387 379 482 412 quum
511 373 623 399 contra
652 372 684 397 et
712 364 819 408 populi
847 372 879 396 et
907 363 980 397 loca
1011 365 1247 397 mediterranea
1275 365 1406 397 nomina
1434 363 1475 396 ab
1504 363 1666 407 indigenis
1700 363 1808 395 inditw
1834 370 2010 399 servarent.

386 425 516 456 Praeter
558 423 731 465 scriptores
766 421 920 464 profanos
954 422 988 453 in
1028 420 1090 453 hoc
1117 421 1224 453 indice
1255 421 1477 453 concinnando
1506 411 1722 463 largissimam
1751 418 1846 452 nobis
1862 423 2009 455 'wem

387 479 602 523 praebuerunt
623 477 779 510 ecclesiae
810 477 984 510 Africanae
1007 478 1179 520 scriptores
1210 488 1283 509 cum
1315 478 1394 510 actis
1423 475 1651 515 conciliorum,
1676 476 1822 511 *maxime
1844 475 1880 507 in
1895 473 2011 508 ›Dona-

386 538 530 567 tistarum
553 545 666 566 caussa
688 540 969 577 congregatorum,
993 541 1026 566 et
1051 532 1174 566 Notitia
1195 534 1438 576 episcoporum,
1469 543 1511 565 ex
1533 532 1650 576 quibus
1672 530 1852 564 Hamakeri
1872 531 2012 564 indios'fi

387 590 482 634 duplo
504 601 622 633 augere
645 591 818 633 potuimus.
862 589 967 628 Quam
990 591 1095 632 ipsam
1117 589 1160 622 ob
1177 600 1323 622 caussam
1340 600 1437 632 quum
1452 589 1660 621 metuendum
1672 594 1779 626 esset,
1803 597 1844 619 ne
1857 587 2013 620 maiorem

386 651 419 680 in
442 646 559 679 molem
583 653 808 679 excrescerent
830 647 1051 678 commentarii
1074 647 1193 685 nostri,
1222 645 1368 678 consulto
1385 647 1552 678 omisimus
1569 646 1686 688 partim
1702 653 1838 687 quornm
1856 643 2014 685 scriptura

389 715 451 736 non
481 705 559 735 satis
590 711 697 735 certae
726 702 804 735 fidei
833 711 919 735 esset
947 701 1070 745 (solent
1092 703 1177 734 enim
1205 704 1238 734 in
1261 701 1355 735 libris
1377 712 1474 734 manu
1495 703 1624 744 scriptis
1646 701 1818 734 admodum
1841 700 2015 742 depravata
2068 703 2070 705 '

386 771 458 793 esse
480 759 561 792 haec
584 761 734 802 nomina)
756 761 871 802 partim
894 771 1029 803 quorum
1051 760 1144 803 origo
1168 759 1264 791 nimis
1286 758 1425 791 obseura
1445 757 1560 790 lateret
1580 758 1633 800 *):
1662 759 1697 790 in
1718 758 1760 790 iis
1781 764 1907 795 autem,
1929 764 2013 798 qnae

386 818 550 855 dedimus,
586 815 770 848 nominibus
800 817 1027 859 nominumque
1057 815 1169 848 formis
1191 827 1211 847 a
1233 813 1433 859 singulorum
1455 813 1600 847 fontibus
1622 813 1803 846 indicandis
1824 810 2011 855 plerunque

386 874 618 912 abstinuimus,
655 883 734 916 quos
766 872 798 905 h.
820 871 844 905 l.
872 871 973 904 semel
1001 872 1160 919 indicasse
1188 871 1327 904 sufficiat
1348 882 1388 904 eo
1411 872 1514 914 magis
1537 881 1634 913 quum
1657 869 1691 902 hi
1712 869 1788 902 libri
1809 867 1905 902 bonis
1926 866 2014 913 indt-

386 929 476 962 cibus
506 931 652 961 instructi
685 931 760 961 sint.
813 929 896 961 Sunt
924 935 1032 961 antem
1061 935 1187 972 praeter
1216 927 1423 969 Sallustium,
1458 927 1623 967 Hirtium,
1653 925 1839 968 Polybium,
1868 924 2012 969 Livium,

388 985 580 1018 Strabonem
603 997 645 1018 ex
668 986 812 1029 profanis
834 986 1006 1028 praecipue
1028 985 1226 1017 memorandi
1248 983 1373 1016 Plinius
1396 983 1440 1023 V,
1465 986 1573 1022 1—5‚
1596 982 1800 1015 Ptolemaeus
1821 976 1882 1021 IV,
1902 967 2012 1021 1-ὲ,

389 1043 524 1085 Procop.
554 1042 593 1074 de
617 1041 703 1075 bello
725 1041 926 1080 vandalico,
962 1040 1120 1073 Antonini
1142 1041 1343 1072 itinerarium
1365 1050 1396 1082 p.
1420 1042 1535 1073 1-78
1566 1039 1617 1071 ed.
1640 1037 1846 1081 wesseling,
1876 1045 2011 1080 quornm

387 1098 560 1131 relationes
597 1099 629 1130 in
669 1109 766 1130 unum
805 1097 936 1140 collegit
972 1096 1116 1129 Shaot‘nu
1143 1097 1177 1128 in
1213 1096 1389 1138 appendice
1424 1095 1466 1127 ad
1493 1096 1695 1128 itinerarium
1728 1093 1770 1127 T.
1793 1093 1842 1134 11,
1862 1093 2013 1137 ‚digessit

389 1155 553 1187 Cellanm
591 1156 624 1186 in
662 1155 754 1185 notit.
784 1153 854 1185 orb.
884 1160 946 1185 ant.
982 1152 1022 1184 Τ.
1051 1152 1092 1184 Π.
1121 1159 1223 1188 extr.;
1257 1162 1301 1184 ex
1337 1150 1564 1183 ecclesiasticis
1592 1149 1765 1193 Augustini
1793 1149 1872 1183 libri
1901 1155 2014 1183 eontra

389 1211 596 1249 Donatistae,
637 1217 747 1242 contra
770 1210 976 1241 Cresconium
1005 1207 1067 1247 al.,
1094 1214 1166 1239 acta
1187 1206 1398 1240 conciliorum
1427 1206 1515 1239 velut
1537 1205 1803 1249 Carthaginensis
1831 1206 1911 1239 anni
1936 1208 2012 1245 251,

385 1269 435 1300 eui
460 1274 607 1310 praeerat
630 1265 812 1308 Cyprianus
836 1266 889 1304 (v.
912 1266 982 1297 eius
1003 1254 1123 1296 librum
1146 1264 1186 1296 de
1208 1275 1298 1296 conc.
1322 1262 1474 1306 Carth),
1503 1261 1749 1297 Cabarsnsitani
1768 1261 2014 1296 Donatistarum

385 1334 414 1355 a.
447 1326 528 1361 393,
566 1323 656 1354 cuius
687 1320 824 1364 epistola
852 1322 1006 1363 synodica
1033 1326 1140 1352 exstat
1168 1331 1219 1363 ap.
1254 1320 1391 1364 August.
1421 1320 1461 1352 ad
1492 1319 1544 1352 Ps.
1576 1322 1635 1358 36,
1675 1319 1850 1363 Vagaitaui
1877 1328 1908 1351 a.
1935 1308 2011 1357 ³⁹4,

385 1378 576 1412 collationis
599 1377 866 1421 Carthaginensis
890 1389 918 1411 a.
940 1381 1022 1417 411,
1060 1377 1175 1410 Victor
1194 1378 1340 1410 Vitensis
1358 1376 1399 1408 de
1421 1378 1643 1419 persecutione
1664 1374 1846 1408 vandalica
1866 1373 1908 1407 al.
1930 1383 2013 1418 qnae

387 1437 469 1469 bene
492 1436 626 1479 digessit
651 1435 728 1467 Car.
750 1446 771 1466 a
793 1434 844 1467 St.
867 1435 974 1467 Paulo
996 1436 1031 1467 in
1054 1434 1260 1477 Geographia
1281 1444 1373 1466 saera
1392 1443 1464 1465 cum
1486 1433 1622 1465 eruditis
1641 1432 1722 1465 Luc.
1744 1430 1908 1464 Holstenii
1926 1430 2012 1464 uotis

387 1491 586 1535 (Amstelod.
612 1493 715 1532 1704)
738 1503 771 1534 p.
787 1494 960 1524 77—121.
991 1490 1157 1523 Accedunt
1178 1491 1403 1533 inscriptiones
1423 1488 1596 1522 nonnullae
1615 1489 1697 1532 apud
1720 1487 1876 1520 Sbavinm
1897 1494 1931 1520 et
1951 1485 2010 1520 Gr.

386 1548 570 1591 Templium
600 1555 785 1586 exstantes,
817 1548 957 1590 itemque
984 1547 1128 1580 Arabum
1149 1546 1345 1590 geographi,
1384 1553 1420 1578 ut
1448 1546 1596 1578 Edrisius
1626 1551 1659 1576 et
1686 1555 1846 1587 anonyma
1876 1542 2010 1576 Ari-tone

387 1606 559 1647 descriptio
582 1615 675 1647 quam
699 1614 800 1646 nuper
821 1604 921 1635 edidit
942 1603 1155 1642 Quatreurere
1175 1604 1209 1635 in
1231 1601 1371 1635 Naum
1392 1606 1425 1634 et
1447 1601 1610 1634 Extram
1633 1604 1724 1634 1831.
1766 1599 1908 1632 Nomina
1921 1599 2007 1644 apud

386 1663 529 1694 Leonem
550 1660 741 1695 Africanum
769 1659 916 1703 aliosque
934 1661 1130 1692 recentiores
1151 1659 1263 1698 obvia,
1290 1659 1353 1690 nisi
1375 1657 1483 1700 aliqua
1505 1664 1648 1690 veterum
1670 1657 1861 1689 auctoritate
1881 1655 2009 1688 firmata

385 1716 530 1750 consulto
553 1718 660 1750 omisi.

515 1778 545 1806 2.
590 1773 626 1805 In
656 1774 755 1815 etymi
786 1780 894 1805 autem
921 1772 1138 1816 investigandi
1167 1772 1297 1815 negotio
1326 1781 1423 1814 quum
1454 1769 1536 1802 nibil
1557 1770 1719 1812 antiquius
1741 1768 1934 1812 graviusque
1954 1769 2010 1807 sit,

387 1842 480 1874 quarn
505 1838 540 1862 ut
563 1829 717 1862 vocabula
739 1829 914 1873 simplicia,
945 1840 987 1861 ex
1009 1828 1124 1872 quibus
1145 1839 1204 1860 ceu
1227 1827 1396 1860 elementis
1414 1823 1500 1859 ‘haec
1519 1821 1664 1861 locorum
1686 1826 1819 1858 nomina
1833 1825 2011 1868 composita

387 1898 458 1918 esse
486 1886 626 1925 soleant,
665 1892 823 1928 utcunque
855 1893 1019 1918 contracta
1045 1892 1078 1918 et
1106 1884 1251 1917 mutilata
1278 1890 1365 1917 recte
1399 1894 1630 1927 agnoscamus,
1669 1883 1796 1925 potiora
1824 1879 2009 1924 huiusmodi

387 1942 542 1974 vocabula
565 1943 731 1985 variasque
754 1953 866 1974 eorum
888 1942 1008 1974 formas
1030 1941 1094 1974 hoc
1114 1940 1187 1973 loco
1207 1940 1308 1973 semel
1328 1942 1362 1973 in
1384 1940 1474 1973 brevi
1489 1947 1662 1982 conspectu
1680 1948 1801 1981 ponere
1816 1937 1951 1980 placuit,
1973 1943 2009 1969 nt

385 2006 554 2042 appareat,
591 2000 750 2041 quomodo
779 1997 907 2041 singula
935 1999 1054 2030 sensim
1085 1998 1188 2040 magis
1215 1999 1381 2040 magisque
1409 2003 1442 2028 et
1471 1997 1518 2028 ita
1546 1997 1719 2038 depravata
1738 1995 1822 2034 sint,
1877 2000 1890 2026 t
1911 2002 2008 2037 saepe

388 2055 515 2087 nonnisi
540 2065 637 2096 parva
658 2066 769 2087 eorum
793 2056 928 2098 vestigia
949 2055 1110 2097 supersint
1135 2053 1197 2096 (οἱ.
1219 2055 1247 2092 ς.
1270 2056 1320 2092 17,
1343 2053 1393 2093 3).
1436 2052 1612 2096 Speremus
1632 2052 1720 2084 enim
1747 2004 1908 2105 for-⁴
1934 2049 2009 2082 uni-

388 2121 482 2143 versa
510 2109 659 2151 analogia
688 2111 774 2143 hunc
810 2113 844 2143 in
879 2111 1010 2144 modum
1047 2111 1197 2153 exposita
1231 2117 1375 2142 nostram
1409 2110 1449 2142 de
1485 2107 1710 2142 nonnullarum
1737 2116 1852 2139 vocum
1880 2105 2007 2148 origine

386 2166 594 2204 sententiam,
624 2177 703 2208 quae
727 2179 768 2199 ex
791 2169 902 2210 paucis
925 2166 1114 2211 quibusdam
1137 2165 1294 2209 exemplis
1309 2166 1463 2198 iudicanti
1479 2166 1629 2198 audacior
1644 2164 1749 2196 videri
1764 2163 1883 2206 possit,
1905 2159 2007 2193 lecto-

389 2224 477 2255 ribus
499 2221 626 2254 facilins
654 2225 911 2264 persuadeamus.

515 2277 562 2310 Ac
591 2268 697 2321 primo*
723 2280 850 2320 quidem
878 2279 952 2311 loco
982 2279 1262 2312 commemoranda
1291 2285 1366 2311 sunt
1399 2276 1556 2311 vocabula
1589 2276 1642 2309 vel
1676 2275 1803 2314 urben,
1844 2272 2006 2317 oppidum,

382 2338 515 2373 ἀναν,
535 2338 650 2373 vicum,
674 2333 726 2367 vel
741 2334 881 2374 donum,
904 2335 1167 2374 tabernaculum,
1190 2334 1428 2368 habitationem
1442 2333 1676 2378 significantia,
1698 2342 1780 2376 qnae
1798 2331 1834 2363 in
1856 2328 2006 2375 omnibns

385 2392 505 2435 linguis
533 2390 667 2423 urbibus
698 2391 904 2434 designandis
937 2393 1104 2434 praecipue
1132 2391 1280 2423 adhiberi
1307 2390 1413 2424 solent
1447 2391 1488 2424 cf.
1518 2398 1618 2423 nostr.
1640 2389 1748 2428 stadt,
1778 2386 1887 2425 stede,
1920 2383 2006 2428 angl.

438 2532 469 2566 ᾖ)
486 2532 603 2559 Videant
623 2540 651 2558 v.
670 2539 693 2557 c.
716 2532 833 2558 lectores
857 2530 992 2565 quomodo
1010 2530 1076 2555 baec
1095 2538 1162 2565 gen·
1229 2530 1509 2558 Trnvascanionensis
1524 2532 1591 2562 121,
1614 2527 1848 2564 Gathaguensusca
1864 2535 1893 2561 p.
1906 2526 1950 2554 9⁷.
1972 2539 2005 2546 -·

388 2581 469 2606 tilicia
482 2581 527 2608 vel
539 2581 682 2606 emendent
694 2580 742 2606 vel
754 2579 903 2612 explicent:
920 2579 1161 2611 Canfopimvoreneie
1230 2581 1452 2605 Giutmmbacen'n
1461 2587 1487 2613 p.
1494 2579 1529 2606 93
1542 2577 1665 2611 equidem
1679 2577 1742 2612 lego
1751 2574 2005 2608 Ghtram-bnemia)

386 2627 448 2654 Car.
465 2637 479 2654 a
493 2628 533 2656 St.
549 2629 630 2654 Paulo
652 2637 678 2662 p.
704 2628 769 2658 119,
797 2625 1043 2654 Bazarididecensis
1055 2633 1082 2659 p.
1101 2626 1161 2656 118,
1230 2626 1297 2661 ἾΡῧ
1321 2626 1364 2653 ΙΞἹ
1387 2627 1451 2651 nu.

2239 2764 2242 2794 „u
2240 2751 2242 2756 .
2240 2727 2242 2737 a
2222 2463 2242 2716 -..-.—4'.¹.-'—.¹-;.
2239 2420 2242 2456 -..
2230 2336 2242 2415 -,;.Δ..
2240 2305 2242 2330 μ,
