2242 2976
535 269 613 302 UBI
628 256 694 302 ‘ET
738 268 928 308 QUANDO
951 269 1204 303 PHOENlClIS
1225 270 1430 303 LITTERIS
1451 270 1524 304 USI
1546 271 1659 304 SINT.
1878 273 1902 309 9

448 364 477 393 J.
501 365 541 394 E.
565 365 740 396 Humum-r
771 365 936 405 (Batavus,
970 367 1003 396 in
1031 360 1162 406 imperio
1185 367 1356 396 Tunetensi
1378 367 1624 407 quattuordecim
1644 377 1742 397 annos
1768 371 1899 398 1806—-

365 416 448 445 1820
470 421 692 454 commoratus,
713 417 929 457 antiquitatum
950 418 1130 456 punicarum
1153 422 1295 447 suenuus
1318 419 1533 458 investigator,
1558 429 1619 458 quo
1641 423 1810 458 proxeneta
1827 419 1899 459 plu—

360 465 439 495 rima
458 465 551 496 huius
575 468 695 507 generis
718 473 917 498 monumenta
937 469 970 498 in
990 469 1134 498 Museum
1147 469 1355 508 Lugdunense
1372 469 1468 499 delata
1483 468 1582 510 sunt):
1607 468 1717 500 Notice
1729 482 1781 500 sur
1794 477 1899 512 quatre

364 518 464 558 cippes
485 517 669 560 sepulcraux
691 523 750 549 cet.
794 520 840 550 La
861 520 949 560 Haye
974 523 1067 550 1821.
1098 520 1156 549 fol.
1187 515 1325 549 max-'w
1344 520 1384 549 ad
1403 530 1457 548 no.
1482 522 1534 550 46.
1884 563 1888 565 Β

449 569 718 600 Μισκκιᾼπαειο
741 571 850 601 LAuc1
878 570 1043 611 (interpres
1065 570 1237 610 lingum-um
1257 570 1451 600 orientalium
1470 572 1503 600 in
1516 571 1701 601 bibliotheca
1717 571 1894 613 Vaticana):

363 616 573 650 Osservazioni
588 618 637 649 sul
653 619 845 651 hassorilievo
863 643 871 652 .
887 643 894 651 .
911 643 919 651 .
937 620 969 650 di
986 620 1210 662 Carpenirasso.
1243 622 1342 651 Roma
1358 624 1453 653 1826.
1487 622 1519 652 4.
1543 624 1585 661 (v.
1601 622 1639 652 ad
1652 616 1745 653 'mser-
1764 622 1832 665 71).
1857 642 1895 647 -

362 668 484 700 Lenem
505 682 597 712 sopra
619 682 677 701 uno
699 671 844 702 scarabeo
857 671 1090 715 fenico-egizio
1113 684 1128 701 e
1147 673 1201 713 piu
1221 674 1398 702 monumenti
1419 674 1555 713 egiziani.
1598 675 1710 714 Napoli
1729 677 1822 705 1826.
1864 675 1895 704 4.

362 719 408 761 (v.
428 722 468 752 ad.
487 722 581 752 inscr.
605 720 671 763 69).
703 740 742 746 —-
777 721 828 752 La
855 734 947 753 sacra
976 725 1119 753 scriuura
1147 722 1300 753 illustrata
1328 734 1382 753 con
1410 725 1587 754 monumenti
1605 724 1836 767 fenico-assiri
1863 724 1899 754 ed

361 773 499 812 egiziani.
543 773 643 807 Roma
668 775 763 803 1827.
793 773 850 803 fol.
876 775 909 804 in
926 784 988 814 quo
1011 775 1179 814 fragmenta
1200 775 1391 804 Blacassiana
1413 775 1496 805 edita
1517 779 1590 805 sunt
1610 775 1654 816 (v.
1670 777 1711 806 ad.
1730 777 1824 807 inser.
1842 777 1898 808 74.

360 821 428 863 75).
453 822 494 846 '·—
525 814 662 863 Seripsit'
676 824 758 854 idem
779 825 817 854 de
838 826 990 865 scriptura
1014 826 1152 855 Arabum
1166 825 1351 866 himjaritica
1375 825 1419 866 (§.
1438 827 1504 866 55).

447 874 520 905 ΙΛο.
547 875 634 905 Cnn.
663 876 842 906 Lummum
872 875 1008 918 (scholae
1028 877 1283 917 Metropolis-mae
1304 878 1492 907 Havniensis
1512 877 1722 919 Adjunctus):
1747 878 1784 908 de
1805 882 1899 910 numis

362 923 485 954 Punicis
502 924 668 956 Sea-iorum
683 924 755 956 olim
773 925 911 957 Canac-ae
922 935 949 957 et
966 926 1121 957 Concanae
1135 927 1264 958 tributis.
1292 929 1431 958 Havniae
1448 928 1540 960 1824.
1563 932 1594 959 8.
1626 929 1668 959 cf.
1686 930 1741 960 lib.
1757 931 1819 968 111,
1842 941 1904 963 no.¹

360 976 452 1006 XVI.
471 975 534 1005 -De
551 977 742 1018 inscriptione
756 977 913 1008 Meliiensi
927 977 1225 1018 phoenicio-graeca
1242 981 1457 1010 commentatio.
1480 968 1619 1009 Hax'miae
1639 983 1731 1011 1828.
1759 984 1789 1012 8.
1823 983 1898 1012 Plus

358 1031 492 1066 praestat
511 1026 563 1056 hic
582 1028 679 1065 liber,
704 1038 795 1068 quam
817 1028 849 1058 in
872 1028 974 1058 fronte
995 1029 1159 1068 promittit.
1206 1027 1352 1060 Continet
1367 1031 1448 1060 enim
1469 1031 1503 1059 in
1521 1031 1605 1060 notis
1625 1037 1780 1062 accuratas
1794 1033 1900 1073 plero-

359 1087 490 1117 rumque
513 1088 679 1108 numorum
703 1079 879 1120 φοινικικῶς
902 1079 1140 1119 inscriptorum,
1171 1090 1212 1110 ex
1238 1085 1324 1120 parte
1355 1082 1431 1111 adeo
1454 1081 1641 1112 ineditorum
1666 1087 1697 1112 et
1726 1084 1758 1113 in
1780 1084 1899 1114 Museis

358 1129 591 1158 Havniensibus
607 1134 845 1168 asservatorum,
862 1130 1084 1170 descriptiones
1100 1132 1270 1161 secundum
1285 1132 1395 1162 classes
1413 1143 1481 1162 suas
1497 1133 1628 1172 digestas
1644 1137 1676 1162 et
1690 1135 1847 1173 perutiles.
1858 1151 1900 1157 —-

359 1179 449 1210 Adde
471 1190 547 1219 quae
570 1180 610 1210 L.
636 1181 669 1210 in
686 1181 786 1211 Falbii
803 1181 884 1211 libro
904 1182 1029 1221 scripsit
1047 1181 1093 1220 (v.
1108 1183 1147 1212 ad
1164 1182 1258 1213 inser.
1279 1186 1331 1214 50.
1350 1183 1417 1224 54).
1458 1184 1546 1213 Idem
1570 1185 1603 1214 in
1622 1185 1691 1215 aliis
1708 1180 1900 1215 'commenta-

360 1231 498 1260 tionibus
521 1231 612 1260 etiam
635 1232 674 1261 de
695 1232 835 1261 Arabum
856 1232 1091 1272 Palaeographia
1111 1234 1234 1263 meruit.

448 1282 533 1312 Ams-
562 1292 670 1312 nnus
693 1283 876 1313 MsnuonA
900 1281 1058 1324 (tribunus
1082 1285 1216 1314 militum
1236 1285 1392 1315 Sardiniae
1412 1286 1524 1326 Regis,
1551 1287 1802 1327 diligentissimus
1820 1289 1901 1317 anti-

360 1333 486 1372 quitatis
507 1333 636 1372 punicae
661 1337 831 1370 scrutator,
856 1344 888 1364 v.
904 1335 945 1364 ad.
959 1335 1052 1364 inscr-
1072 1338 1103 1365 3.
1130 1336 1183 1365 41.
1208 1334 1280 1375 67):
1319 1335 1435 1377 Saggio
1457 1349 1549 1379 sopra
1570 1337 1675 1369 alcune
1694 1346 1806 1368 monete
1827 1337 1902 1368 delle

360 1381 434 1414 isole
459 1381 582 1412 Baleari
603 1381 648 1422 (V.
672 1383 711 1413 ad
729 1384 785 1412 lib.
808 1385 877 1421 III,
901 1395 955 1414 no.
976 1385 1084 1424 XIII).

440 1434 541 1462 an.
567 1434 735 1464 Momm-sn
759 1434 947 1474 (Seelandiae
962 1436 1143 1475 episcopus,
1167 1435 1188 1472 †
1214 1435 1330 1478 1833),
1354 1448 1385 1467 v.
1399 1418 1454 1468 ⁸ad.
1475 1439 1569 1470 inser.
1594 1443 1646 1470 53.

441 1483 560 1513 S'rnrn.
584 1482 821 1522 Qurrnrimiiuz
847 1484 995 1525 (instituti
1010 1486 1156 1515 Franciae
1172 1486 1304 1527 socius):
1329 1486 1480 1518 Me¹moire
1495 1502 1547 1519 sur
1559 1490 1697 1532 quelques
1711 1492 1901 1532 inscriptions

361 1532 523 1576 Puniques,
546 1545 579 1564 v.
603 1535 643 1564 ad
662 1535 755 1565 inser.
780 1535 833 1564 46.
857 1536 911 1566 47.
936 1536 989 1566 48.

450 1586 509 1615 Sm
533 1585 730 1616 Gnmvvxntt
752 1586 910 1616 Trmru:
945 1585 1048 1615 Letter
1069 1593 1099 1616 io
1121 1585 1218 1617 Licus.
1245 1585 1346 1618 Colon.
1369 1587 1408 1617 Β.
1430 1587 1540 1618 Forbes
1562 1589 1684 1620 relative
1706 1599 1735 1621 to
1759 1603 1779 1621 a
1798 1591 1903 1633 pheni-

363 1636 432 1666 cian
455 1635 634 1674 tombsione,
651 1637 699 1666 in
718 1636 937 1666 Transactions
959 1637 996 1666 of
1021 1637 1075 1667 the
1098 1638 1197 1676 Royal
1223 1638 1342 1667 Asiatic
1365 1640 1490 1679 society
1511 1636 1586 1671 Vol.
1606 1642 1667 1672 III.
1700 1643 1737 1672 P.
1764 1644 1825 1673 ΙΙΙ.
1856 1645 1900 1684 (v.

363 1688 459 1717 inser.
479 1690 547 1723 57).
570 1705 614 1711 --
647 1686 840 1718 Excursions
855 1690 885 1718 in
902 1687 951 1717 the
964 1687 1219 1718 Mediterraneum
1252 1690 1387 1719 London
1408 1693 1502 1721 1835.
1535 1695 1554 1722 2
1568 1693 1652 1722 Voll.
1689 1696 1720 1723 8.
1755 1695 1836 1724 Vide
1855 1695 1904 1724 in-

361 1739 481 1778 scriptt.
511 1749 564 1768 no.
592 1741 644 1769 56.
668 1742 721 1769 66.

450 1789 653 1820 Lunovicvs
678 1791 785 1819 Wnn.
812 1787 1070 1830 (Monachensis).
1104 1791 1181 1821 Eius
1204 1795 1304 1822 exstat
1325 1790 1361 1821 de
1380 1793 1568 1832 gravissimis
1590 1792 1702 1835 aliquot
1725 1793 1903 1826 Phoenicum

363 1839 603 1880 inscriptionibus
635 1841 858 1876 commentatio,
891 1840 941 1869 cuj
971 1842 1091 1871 accedit
1120 1842 1216 1872 oratio
1242 1843 1412 1882 germanice
1441 1844 1554 1884 scripta
1578 1865 1588 1876 .
1607 1867 1614 1875 .
1636 1867 1643 1875 .
1662 1867 1670 1875 .
1700 1847 1903 1886 explicatione

362 1890 542 1931 phoeniciae
571 1891 779 1930 inscriptionis
810 1891 984 1931 praemissa.
1030 1893 1188 1922 Monaehii
1216 1896 1308 1923 1831.
1347 1896 1378 1924 8.
1426 1894 1636 1935 Quaecunque
1658 1897 1691 1926 in
1718 1896 1778 1927 hoc
1799 1898 1904 1928 libello

362 1936 532 1971 metentur
553 1947 769 1980 monumenta,
802 1953 843 1973 ex
869 1943 986 1983 Koppii
1014 1944 1094 1974 libro
1117 1944 1247 1985 repetita
1277 1950 1364 1974 sunt:
1397 1945 1435 1974 de
1457 1957 1535 1984 una,
1566 1958 1643 1987 quae
1662 1957 1770 1979 recens
1789 1950 1901 1987 editur,

362 2002 479 2034 gemma
499 2002 531 2023 v.
555 1993 595 2023 ad
616 1993 710 2023 inser.
737 1996 776 2024 67
792 2004 820 2023 c.

728 2251 980 2285 CAPUT
1027 2251 1461 2288 SECUNDUM

281 2337 458 2383 QUIBUS
491 2337 545 2375 IN
580 2337 882 2376 REGIONIBUS
913 2339 978 2376 ET
1012 2338 1110 2383 QUO
1144 2340 1392 2378 TEMPORIS
1420 2342 1595 2379 SPATIO
1618 2342 1902 2380 PHOENICIIS

849 2403 1076 2441 LITTERIS
1103 2404 1182 2441 USI
1213 2405 1336 2442 SINT.

1049 2499 1078 2536 ς.
1110 2500 1140 2529 5.

384 2587 388 2589 Δ
408 2560 539 2595 Veteris
553 2561 640 2595 orbis
654 2564 834 2607 regionum,
858 2565 891 2597 in
916 2564 1030 2608 quibus
1053 2565 1239 2608 phoeniciae
1262 2566 1388 2599 litterae
1404 2569 1575 2611 viguerint,
1601 2575 1693 2610 atque
1715 2567 1838 2604 aetatis,
1860 2565 1900 2597 nd

282 2626 377 2658 quam
392 2617 506 2651 harum
520 2618 698 2652 litterarum
712 2632 789 2654 usus
803 2621 1032 2664 perduraverit,
1055 2630 1258 2666 conspectum
1280 2625 1401 2656 daturis
1424 2623 1504 2656 illud
1527 2624 1620 2655 nobis
1638 2622 1899 2665 praemittendum

1501 2686 1520 2713 2
