2242 2976
341 283 418 318 200
459 278 591 313 LIBER
611 277 859 313 SECUNDUS.
889 277 1226 312 INSCBIPTIONES
1243 278 1528 315 PHOENICIAE.
1561 281 1710 317 CAPUT
1723 283 1922 318 SEXTUM.

343 386 438 407 nemo
467 384 530 405 non
562 378 714 414 agnoscat
742 372 796 413 (v.
818 371 892 404 Liv.
915 375 974 411 24,
996 375 1057 405 48:
1098 371 1370 416 Carthaginenses
1401 374 1565 418 extemplo
1597 377 1637 408 ad
1668 376 1783 411 Galam
1810 379 1844 410 in
1875 386 1964 421 parte

343 430 443 463 altera
466 428 638 461 Numidiae
658 446 701 452 —-
723 427 869 470 Mastya·
888 440 930 461 ea
949 439 1033 471 gens·
1052 434 1191 462 vocatur
1220 450 1259 455 —
1292 437 1498 473 regnantem,
1527 430 1652 475 legatos
1673 434 1812 466 mittant.
1852 434 1964 477 Polyb.

343 489 374 525 3,
397 488 437 517 33
459 486 488 524 §-
513 487 563 516 15.
587 487 618 523 7,
643 487 682 517 19
703 486 732 523 §-
757 489 786 516 1.
815 484 932 517 Strabo
957 484 1057 517 xvtl
1080 497 1111 528 p.
1127 489 1209 525 570,
1239 494 1272 519 et
1293 492 1460 530 poetarum
1482 486 1572 520 locos
1594 499 1644 531 sp.
1667 488 1804 523 Foroall.
1821 500 1850 525 v.
1870 490 1965 524 Mae-

342 542 433 583 eqli).
476 539 572 578 Quod
594 541 627 572 iu
650 539 755 583 lapide
778 548 941 584 comparet
959 543 1101 581 virum,
1137 553 1226 575 more
1257 543 1398 576 hebraeo
1427 543 1633 577 scribendum
1657 553 1743 578 esset
1764 546 1912 595 υηξήᾳζιξ
1933 554 1966 579 et

343 598 522 630 accuratius
544 597 716 639 respondet
737 597 861 630 formae
884 599 1099 631 Μασσυλιαῖοι
1121 609 1171 642 ap.
1195 599 1386 633 Strabonem
1409 599 1430 632 Ι.
1454 611 1500 640 c.,
1535 601 1663 634 videtur
1689 608 1796 635 autem
1817 609 1968 645 patrony-

341 656 458 686 micum
481 660 513 685 et
533 651 732 708 gentilicium
754 664 827 686 ease
849 655 978 687 ductum
1001 666 1021 687 a
1043 656 1171 704 ⁷:qu
1194 656 1296 699 (opus
1317 668 1344 689 a.
1368 662 1524 690 creatura
1545 658 1604 691 dea·
1624 659 1645 690 i.
1668 668 1697 690 e.
1719 657 1888 701 Κρόνου),
1910 660 1966 702 qai

341 711 478 742 sortasse
493 710 599 752 gentis
615 706 725 742 auctor
741 710 915 749 ferebatur,
939 718 973 743 ut
992 713 1136 760 02'28771237
1153 723 1172 744 a
1188 714 1316 761 ἐκ-αἰψ’,
1339 721 1371 747 δ’·
1371 713 1504 763 Engista*
1521 725 1540 746 a
1554 715 1696 764 btqutifi.
1719 714 1826 748 Multa
1839 715 1970 749 nomia·

341 768 467 809 propria
488 777 508 797 a
529 775 612 799 ’ΨΜ
636 766 732 798 filma·
752 767 913 799 ordientia
936 769 1008 800 vide
1029 770 1062 800 in
1081 747 1172 800 indd.
1195 768 1252 802 lib.
1268 768 1329 809 lv,
1353 779 1380 801 ο.
1401 773 1421 802 2
1443 778 1474 802 et
1496 781 1523 803 c.
1540 774 1570 804 3.

471 832 544 865 ξπ
532 841 594 864 tur:
620 831 677 874 τι)
702 830 904 863 Vocabulum
928 840 963 874 μ
985 833 1100 864 eodem
1121 833 1216 865 modo
1238 833 1351 866 rudius
1374 836 1526 877 scriptnm
1548 835 1649 869 habes
1663 838 1758 869 etiam
1774 835 1830 869 lin.
1845 840 1868 869 4
1882 836 1966 871 med.

341 895 374 920 et
395 886 525 919 Numid.
544 892 563 920 2
585 887 640 919 lin.
659 891 678 919 2
693 894 774 919 extr.
799 895 831 918 et
852 886 907 920 lin.
923 891 943 920 3
958 889 1042 920 med.
1086 888 1213 922 Nomen
1238 891 1400 933 proprium
1422 892 1493 923 sine
1515 891 1613 924 dubio
1636 891 1807 936 legendnm
1827 894 1967 933 havuini,

341 944 425 987 qnod
454 944 538 976 idem
571 954 643 975 esse
674 954 791 975 censeo
815 945 899 987 qnod
923 945 1087 984 bna-msa,
1124 946 1284 988 quomodo
1306 946 1503 990 Hiempsalis
1525 956 1615 990 pater
1635 948 1814 992 appellatur
1834 949 1967 983 Numid-

342 1005 372 1040 2,
396 1004 433 1038 3;
464 1002 567 1032 eiecto
589 1000 666 1032 Ain.
711 999 746 1032 ln
770 1002 947 1043 posteriore
970 1009 1075 1033 autem
1106 1001 1206 1033 habes
1229 1012 1339 1035 verum
1361 1010 1489 1044 etymon
1514 1014 1685 1048 veramque
1708 1005 1967 1050 orthographiam

341 1059 482 1090 nominis
504 1056 651 1098 Mthna
677 1057 847 1098 (Μικίψας
861 1057 883 1098 ).
940 1056 1099 1090 Nimirum
1124 1059 1268 1091 §numm
1305 1060 1408 1102 (opus
1431 1071 1456 1092 s.
1480 1068 1627 1093 creatura
1642 1061 1798 1105 Baulis),
1829 1072 1848 1095 ε
1871 1061 1967 1105 paulo

341 1114 452 1146 durius
475 1114 700 1156 pronuntiato,
740 1119 773 1144 ut
802 1114 835 1144 in
858 1112 1054 1152 Gomorrha,
1085 1114 1193 1154 Gaza,
1228 1122 1278 1146 est
1303 1115 1482 1158 Mign'bal,
1519 1117 1615 1152 unde.
1629 1119 1761 1150 traiecto
1783 1118 1879 1151 sibilo
1908 1118 1968 1160 (ef.

341 1168 529 1213 Hiempsal)
551 1169 734 1212 Mtga‘bml,
758 1169 937 1211 Micipsa,
966 1171 1129 1211 Μικίψας,
1161 1170 1216 1202 lat.
1237 1171 1395 1214 Mt'ct'prq.

469 1243 593 1279 ‘mamm
624 1235 679 1276 32)
715 1233 835 1276 Figura
863 1233 989 1266 litterae
1019 1234 1107 1267 Zade
1137 1234 1254 1268 similis
1282 1234 1339 1268 lin.
1370 1239 1390 1269 3
1421 1243 1504 1269 extr.
1531 1236 1618 1270 haud
1646 1237 1744 1271 dubie
1773 1238 1892 1272 coaluit
1923 1250 1967 1272 ex

340 1300 395 1335 12,
430 1291 471 1322 cf.
508 1291 642 1323 eandem
674 1291 706 1321 in
737 1290 915 1333 appendice
944 1290 1047 1330 tituli,
1085 1298 1117 1323 et
1152 1290 1291 1324 similem
1327 1291 1458 1325 Numid.
1483 1297 1504 1326 2
1536 1293 1593 1326 lin.
1624 1297 1654 1326 2.
1705 1293 1815 1337 Ipsum
1849 1306 1968 1329 nomen

339 1348 519 1390 proprium,
554 1348 634 1378 satis
670 1345 751 1378 illud
787 1346 989 1390 ambiguum,
1030 1347 1201 1391 legendum
1239 1349 1366 1381 videtur
1396 1360 1543 1393 joma*
1579 1350 1686 1382 Prima
1714 1349 1820 1383 littera
1849 1351 1968 1385 similis

340 1412 388 1436 est
420 1402 488 1435 Jod
511 1402 638 1435 litterae
665 1404 698 1434 iu
727 1404 873 1440 §anunm
913 1403 1014 1437 altera
1045 1411 1094 1436 est
1122 1405 1212 1444 Ain5
1249 1406 1342 1437 tertia
1372 1404 1492 1446 Sekia,
1528 1418 1547 1439 a
1571 1418 1632 1450 qua
1653 1406 1831 1450 paullulum
1860 1408 1969 1442 differt

340 1461 449 1502 quinta
470 1458 585 1492 melius
609 1470 667 1502 pro
695 1459 763 1491 Tau
787 1459 950 1498 habenda3
990 1468 1104 1505 quarta
1124 1468 1156 1492 et
1177 1469 1271 1493 sexta
1296 1464 1420 1504 possint
1436 1461 1535 1505 'Caph
1558 1464 1660 1495 videri
1683 1464 1774 1507 (pag.
1797 1465 1878 1506 33),
1908 1464 1967 1497 sed

340 1527 454 1558 scapus
477 1527 589 1547 eorum
612 1522 716 1547 rectus
739 1523 805 1555 est,
837 1527 902 1548 nou
926 1516 1083 1555 inflexus,
1115 1525 1148 1549 ut
1171 1518 1203 1548 in
1226 1517 1286 1549 hac
1307 1520 1378 1561 ipsa
1392 1521 1600 1562 inscriptione
1624 1519 1681 1552 lin.
1699 1524 1725 1552 1.
1739 1523 1775 1552 2:
1798 1528 1967 1563 propterea

340 1573 446 1615 potius
469 1571 547 1604 Nun
573 1582 643 1603 esse
668 1573 831 1611 videntur,
864 1574 955 1604 cuius
979 1572 1057 1604 haec
1080 1572 1185 1615 figura
1206 1581 1276 1604 orta
1298 1582 1347 1606 est
1369 1586 1409 1606 ex
1432 1575 1506 1614 illa,
1538 1587 1618 1618 quae
1641 1583 1690 1608 est
1710 1574 1860 1619 Carthag.
1885 1579 1916 1615 5,
1932 1580 1963 1616 2,

341 1628 381 1660 cf.
404 1630 432 1667 ξ.
456 1631 495 1660 25
519 1639 572 1660 no.
597 1631 747 1676 ¹<⁰—¹²·
791 1627 876 1666 Quid
893 1640 967 1660 vero
982 1629 1045 1661 sibi
1060 1628 1127 1660 vult
1145 1639 1273 1674 pumat,
1296 1630 1349 1662 ubi
1367 1641 1431 1662 non
1449 1639 1542 1674 potes
1557 1642 1620 1663 non
1642 1631 1839 1674 Hiempsalis
1858 1642 1965 1672 avum,

340 1684 497 1727 Micipsae
520 1692 662 1727 patrem,
691 1686 798 1727 itaque
813 1685 1027 1718 Man‘m‘seam
1050 1686 1257 1728 exspectare?
1290 1685 1359 1719 Iam
1381 1688 1414 1719 iu
1437 1689 1615 1719 exercitatr-
1638 1699 1669 1731 p.
1685 1691 1722 1720 91
1749 1689 1884 1727 conieci,
1906 1699 1965 1732 pro

352 1754 440 1787 Ν
459 1752 527 1785 Jod
537 1753 757 1796 reponendum
770 1763 842 1785 esse
867 1746 943 1804 χ
975 1753 1085 1785 Mem:
1107 1754 1202 1796 idque
1226 1755 1322 1785 etiam
1346 1765 1431 1786 nune
1445 1754 1613 1798 probabile
1630 1756 1765 1795 videtur,
1785 1767 1966 1800 quanquam

339 1824 373 1854 in
394 1821 501 1864 lapide
522 1820 577 1852 illa
599 1820 686 1852 linea
702 1831 766 1853 nou
778 1827 947 1863 comparet.
992 1820 1113 1860 Quidni
1129 1822 1213 1853 enim
1230 1828 1370 1861 statuas,
1393 1821 1475 1854 hano
1490 1821 1608 1854 lineam
1624 1833 1644 1854 a
1655 1825 1808 1856 statuario
1824 1824 1964 1867 profecto

340 1879 426 1910 haud
455 1878 548 1908 nimis
581 1876 754 1919 diligente,
794 1888 887 1922 quem
911 1878 975 1909 iam
996 1877 1054 1909 lin.
1077 1880 1096 1910 3
1127 1879 1161 1909 in
1191 1889 1300 1910 errore
1323 1879 1460 1922 quodam
1484 1890 1543 1911 suo
1565 1881 1755 1923 corrigendo
1778 1885 1965 1923 occupatum

340 1936 373 1965 in
403 1934 508 1965 medio
538 1933 719 1964 substitisse
753 1934 889 1966 vidimus
926 1935 1046 1975 (erasit
1076 1935 1162 1966 enim
1190 1933 1304 1966 salsam
1338 1933 1496 1974 litteram,
1533 1946 1640 1967 veram
1669 1947 1732 1968 nou
1761 1936 1964 1979 substituit),

342 1991 493 2022 omissam
523 2000 611 2027 esse,
648 2000 744 2031 quum
775 1991 844 2021 eius
874 1992 921 2022 rei
951 1992 983 2022 in
1010 1992 1225 2023 monumentis
1253 1992 1391 2034 antiquis
1414 1991 1497 2023 baud
1520 2003 1622 2034 pauca
1643 1991 1792 2034 exempla
1813 1993 1962 2025 exstent!

340 2046 491 2078 Admissa
514 2044 573 2076 hac
593 2046 778 2077 coniectura
800 2045 900 2078 habes
923 2055 1048 2090 μνη-[373
1075 2048 1097 2079 i.
1112 2058 1138 2078 e.
1163 2049 1318 2094 της-ἐξῇ,
1351 2048 1435 2090 quod
1457 2046 1556 2080 latine
1579 2055 1704 2091 poterat
1727 2055 1760 2080 et
1779 2047 1964 2081 Masinissa

340 2102 448 2134 efferri
486 2112 508 2134 n
547 2112 603 2143 per
639 2100 769 2133 sibilum
805 2105 1011 2144 pronuntiato
1050 2105 1104 2142 (ut
1133 2102 1230 2146 vulgo
1260 2102 1315 2146 fit)
1355 2110 1387 2135 et
1416 2103 1590 2136 lilaninlha
1621 2104 1731 2144 (Suet.
1763 2102 1856 2136 Caes.
1880 2105 1961 2146 71),

341 2158 426 2201 quod
463 2158 546 2189 idem
585 2168 700 2189 nomen
737 2169 809 2190 esse
840 2159 975 2191 videtur.
1026 2159 1076 2191 De
1106 2166 1212 2200 etymo
1242 2160 1312 2191 eius
1342 2161 1557 2193 coniecturam
1586 2168 1728 2194 nostram
1760 2162 1825 2192 iam
1851 2162 1962 2203 paucis

342 2214 524 2258 aperuimus
556 2225 630 2256 pag.
657 2217 736 2254 117,
771 2227 812 2248 ex
844 2227 906 2259 qua
934 2218 1069 2265 ’,φήῃ
1102 2215 1199 2248 fuerit
1230 2226 1309 2259 opus
1337 2227 1363 2249 a.
1393 2222 1549 2250 creatura
1578 2216 1706 2249 Nithae
1737 2220 1870 2249 nostrae
1899 2217 1960 2260 (cs.

341 2273 501 2316 stammam
524 2268 656 2300 Numid.
682 2273 711 2307 2,
732 2272 789 2312 3):
819 2273 875 2304 sed
899 2272 959 2304 hac
981 2272 1076 2305 facile
1104 2283 1233 2311 careas,
1269 2274 1298 2304 si
1325 2273 1421 2304 modo
1446 2272 1542 2305 lectio
1565 2280 1651 2306 certa
1675 2279 1769 2305 esset.

467 2343 560 2375 Pater
576 2342 794 2374 Masinissae
785 2356 817 2375 in
834 2344 940 2387 lapide
957 2353 1066 2376 nostro
1081 2347 1166 2380 ’ςγδι-ι
1168 2354 1228 2378 272
1244 2345 1414 2385 scribitur,
1437 2346 1519 2389 quod
1533 2347 1706 2378 transferas
1720 2344 1961 2400 robanBaalin,

343 2403 383 2436 ub
403 2414 501 2436 aram.
518 2411 609 2450 aaa,
640 2383 707 2451 lsbo
729 2401 846 2441 valuit,
877 2411 988 2445 potens
1010 2405 1088 2443 fuit,
1119 2387 1209 2453 12:350
1232 2413 1365 2448 potens,
1390 2405 1531 2444 validus,
1561 2406 1644 2437 unde
1665 2385 1756 2452 '¹:83⁹
1779 2398 1828 2432 Kb
1860 2407 1962 2437 omni-

343 2469 465 2506 potens.
509 2462 603 2500 Quod
632 2472 733 2503 nuper
761 2461 948 2501 observavi,
987 2465 1082 2495 etiam
1111 2466 1210 2498 bran.
1198 2474 1260 2497 κη
1291 2464 1355 2507 legi
1380 2475 1495 2507 posse,
1533 2465 1567 2496 id
1588 2463 1703 2505 lapidis
1724 2464 1826 2506 ipsius
1848 2464 1960 2496 ductus

344 2521 399 2551 vix
422 2519 546 2558 serunt,
571 2529 664 2561 quam
687 2519 788 2560 ipsam
803 2517 844 2549 ob
862 2529 990 2550 causam
1006 2520 1116 2551 dubito
1131 2522 1239 2559 etiam,
1261 2531 1336 2551 num
1358 2521 1534 2563 comparari
1551 2521 1650 2562 possit
1664 2519 1716 2551 lat.
1733 2519 1969 2559 Mastanabals

343 2576 438 2608 credo
461 2576 565 2617 potius
587 2576 733 2609 hyan-¹27:
753 2573 851 2606 latine
873 2577 1113 2617 pronuntiatum
1128 2587 1200 2608 esse
1214 2576 1422 2622 Illezetulus,
1442 2586 1499 2619 pro
1514 2575 1701 2616 Mezetbal,
1722 2576 1962 2609 Blenina.—

343 2632 411 2669 Iam
433 2643 510 2663 vero
533 2631 728 2666 Masinissae
750 2638 842 2673 pater
864 2631 946 2673 apud
966 2631 1094 2663 Livium
1118 2632 1168 2664 bis
1197 2632 1304 2665 Galae
1326 2635 1456 2666 nomine
1478 2640 1671 2665 memoratur
1700 2633 1794 2674 (Liv.
1817 2636 1875 2672 29,
1901 2635 1957 2665 29:
