2242 2976
430 261 767 296 INSCRIPTIONES
787 262 1111 296 ATHENIENSES.
1156 261 1198 295 V.
1221 261 1521 295 ATHENIENSIS
1543 261 1692 295 PRIMA.
1804 265 1876 300 113

1045 355 1088 388 V.

629 421 1181 458 ATHENIENSIS
1241 424 1500 457 PRIMA.

385 519 413 548 1.
455 514 700 548 Monumentum
733 512 912 558 sepulcrale
941 514 1168 546 nitidissimum
1200 524 1242 546 ex
1271 524 1431 545 marmore
1460 514 1624 546 Pentelico
1653 516 1875 558 fabrefactum,

255 572 306 604 cui
327 571 381 604 hic
402 570 513 603 titulus
535 571 688 614 bilinguis
708 572 879 614 inscriptus
901 577 966 609 est,
995 581 1114 612 paucos
1137 581 1238 602 annos
1260 576 1335 602 ante
1362 573 1443 602 1797
1465 571 1498 602 in
1514 570 1633 603 oliveto
1650 573 1733 604 inter
1748 575 1876 606 moenia

254 627 453 660 Athenarum
479 634 511 659 et
531 627 739 660 Academiam
763 627 935 666 effossum,
970 625 1047 658 olim
1069 637 1167 669 penes
1189 625 1385 659 Fauvelium
1413 628 1566 669 pictorem
1589 627 1717 660 Gallum
1738 629 1875 674 Athenis

254 684 423 727 degentem
449 690 534 722 erat,
569 690 679 726 postea
697 685 732 715 in
757 683 939 715 Choieeulii
959 681 1165 722 collectione,
1203 694 1288 715 nunc
1313 685 1346 714 in
1375 682 1492 714 Museo
1524 694 1630 715 rerum
1653 685 1814 717 navalium
1843 693 1874 718 et

254 740 440 772 militarium
458 740 660 772 Londinensi
683 739 854 781 (Military
877 739 944 771 and
964 740 1067 771 naval
1080 739 1242 778 fflmeum,
1264 739 1396 771 Middle
1411 738 1572 771 Scotland
1591 740 1693 780 Yard,
1714 742 1872 784 London)

254 803 453 836 asservatur,
484 797 636 828 donatum
659 806 678 827 a
698 795 791 837 Lady
815 795 920 837 Grey,
947 795 1102 838 praefecti
1124 795 1249 828 navalis
1271 796 1375 828 vidua.
1418 794 1533 827 Totius
1553 799 1762 836 monumenti,
1785 800 1875 833 cuius

254 860 442 885 ornamenta
462 854 497 884 in
517 851 651 884 antefixi
670 852 799 884 modum
822 851 907 883 facta
928 851 1168 895 elegantissima
1189 859 1263 884 sunt
1286 858 1317 883 et
1338 863 1480 884 summae
1502 853 1712 895 integritatis,
1735 853 1876 886 delinea-

253 908 373 940 tionem
402 920 422 940 a
451 919 487 941 se
515 920 600 941 anno
623 911 706 941 1797
735 907 873 940 Athenis
895 908 1013 940 factam
1035 919 1169 951 eamque
1191 910 1268 940 satis
1287 908 1385 940 fidam
1409 908 1556 940 exhibuit
1577 909 1819 942 AxnnnLAmus
1841 912 1875 943 in

257 964 481 997 Commentatt.
504 964 628 997 Societ.
656 965 808 1007 Gotting.
838 963 915 996 Vol.
937 963 1019 996 XIV
1043 975 1075 1007 p.
1096 968 1175 1004 227,
1213 976 1308 1007 quam
1337 966 1464 1006 repetiit
1486 964 1640 997 Dodwell
1658 968 1691 997 in
1718 966 1879 999 Classical

253 1020 322 1052 and
350 1021 606 1064 topographical
632 1026 707 1053 tour
738 1019 881 1062 through
913 1019 1039 1051 Greece
1059 1019 1085 1059 I,
1116 1031 1149 1062 p.
1170 1023 1243 1053 411.
1276 1026 1308 1052 et
1341 1021 1435 1052 Onor.
1462 1021 1546 1052 Bres-
1568 1023 1603 1052 in
1626 1022 1739 1054 Malta
1762 1027 1875 1056 antica

253 1077 439 1109 illustr-asta
467 1089 495 1120 p.
521 1079 573 1110 95.
617 1076 721 1108 Tituli
749 1076 916 1108 Phoenicii
945 1077 1031 1107 idem
1065 1076 1129 1108 duo
1158 1077 1245 1108 dedit
1270 1076 1436 1119 exefissa,
1470 1076 1604 1108 alterum
1635 1080 1755 1118 maius,
1792 1080 1876 1122 quod

253 1135 379 1175 repetiit
398 1133 581 1166 Boeckhius
601 1135 635 1165 in
652 1133 747 1176 0οη]-
763 1129 867 1165 inser(
877 1144 930 1175 gr.
944 1131 983 1163 Τ.
998 1131 1014 1163 Ι
1029 1144 1058 1174 p.
1073 1135 1153 1172 527,
1177 1132 1312 1165 alterum
1329 1135 1436 1166 minus
1451 1135 1546 1176 idque
1561 1134 1667 1165 minus
1680 1142 1873 1174 accuratum,

254 1189 339 1232 quod
368 1196 597 1232 expresserunt
625 1188 775 1221 Dodwell
802 1188 827 1221 l.
847 1200 873 1220 c.
906 1189 1008 1231 Kopp
1037 1189 1156 1221 Bilder
1183 1190 1251 1221 und
1272 1189 1445 1229 Schriften
1474 1189 1509 1229 Ι,
1540 1201 1572 1232 p.
1595 1192 1668 1222 266.
1713 1191 1818 1223 Etiam
1840 1193 1874 1223 in

254 1247 376 1277 maiore
397 1256 488 1286 esse,
519 1246 602 1288 quod
627 1246 809 1285 desideres,
839 1246 980 1277 maxime
1002 1246 1035 1276 in
1058 1245 1182 1277 duabus
1203 1248 1312 1288 magni
1332 1248 1487 1278 momenti
1507 1246 1642 1286 litteris,
1676 1248 1820 1289 inspecto
1843 1255 1875 1279 et

255 1300 425 1344 diligenter
453 1303 638 1333 examinato
666 1301 774 1344 lapide
801 1302 960 1343 comperi.-
997 1312 1113 1333 novam
1133 1309 1303 1344 propterea
1330 1303 1470 1335 exhibeo
1497 1302 1763 1342 delineationem,
1794 1314 1873 1346 quae

253 1367 362 1388 veram
394 1356 572 1389 litterarum
607 1358 863 1400 magnitudinem
899 1358 1057 1396 imitetur,
1095 1358 1180 1389 unde
1208 1358 1390 1401 intelligent
1422 1358 1576 1397 lectores,
1619 1357 1740 1390 nullam
1773 1359 1874 1393 fuisse

252 1423 416 1453 caussam,
450 1414 533 1457 quod
562 1413 779 1445 Akerbladius
808 1413 931 1445 litteras
962 1413 1152 1445 Phoenicius
1181 1415 1322 1447 minutas
1346 1414 1520 1457 appellaret
1552 1421 1584 1446 et
1612 1415 1652 1446 ad
1679 1413 1873 1447 Graecarum

250 1467 430 1501 litterarum
451 1469 644 1512 elegantiam
667 1481 731 1501 non
754 1470 954 1502 accedentes.

379 1539 529 1572 Ceterum
554 1540 640 1571 idem
669 1541 730 1571 iste
760 1541 883 1582 primus
913 1537 997 1570 tituli
1027 1539 1131 1571 editor
1161 1550 1234 1571 eum
1265 1540 1311 1571 ita
1343 1536 1567 1583 interpretatus
1597 1546 1646 1572 est
1673 1538 1872 1581 (Comment.

251 1595 394 1639 Gotting.
417 1595 440 1628 l.
465 1607 493 1630 c.
522 1607 555 1638 p.
575 1598 771 1628 225-228.
801 1596 904 1638 Epist.
926 1596 965 1627 ad
988 1587 1155 1635 Italinsk.,
1194 1606 1225 1626 v.
1248 1596 1287 1627 ad
1312 1607 1364 1627 no.
1387 1596 1448 1638 6),
1486 1603 1520 1628 ut
1543 1597 1639 1628 etiam
1660 1606 1744 1627 nunc
1767 1595 1872 1627 denuo

249 1652 394 1695 inspecto
414 1651 521 1694 lapide
543 1663 607 1683 non
625 1653 787 1694 possimus
805 1663 867 1683 non
882 1652 912 1682 ei
927 1653 959 1683 in
975 1650 1135 1694 plerisque
1152 1653 1312 1684 assentiri.
1356 1653 1433 1684 Post
1448 1664 1519 1684 eum
1535 1652 1617 1684 hanc
1632 1654 1873 1694 inscriptionem

250 1708 303 1740 vel
325 1714 500 1740 tractarunt
522 1707 575 1739 vel
597 1710 705 1750 paucis
728 1703 908 1750 attigerunt
926 1708 961 1740 0.
980 1707 1019 1739 G.
1042 1708 1184 1749 Tychsen
1200 1710 1234 1740 in
1250 1709 1349 1741 Actis
1363 1709 1469 1741 Novis
1490 1709 1600 1750 Upsal.
1618 1708 1680 1740 Vll
1701 1720 1731 1750 p.
1742 1701 1788 1740 '96
1805 1719 1872 1752 sqq.

251 1763 363 1807 Kopp.
378 1764 400 1796 l.
418 1775 445 1796 c.
458 1764 597 1797 Hamak.
613 1766 645 1795 in
661 1763 807 1796 diatribe
823 1775 852 1805 p.
871 1768 900 1794 4.
917 1766 968 1795 20.
986 1767 1038 1802 68,
1063 1775 1183 1808 nosque
1197 1766 1259 1807 ipsi
1273 1761 1479 1797 tractavimus
1495 1766 1580 1808 apud
1596 1765 1790 1797 Boecklaium
1806 1765 1828 1797 l.
1845 1776 1872 1797 c.

376 1838 407 1866 2.
450 1833 622 1876 Inscriptio
643 1835 770 1876 integra
790 1834 836 1864 ita
856 1832 994 1876 legenda
1017 1841 1084 1866 est:

729 1913 774 1964 3²
805 1902 995 1953 nnn-12:⁷5
1026 1914 1132 1952 mn:
1163 1914 1244 1951 που
1276 1914 1394 1951 nasu

900 1985 1025 2023 *risu
1057 1986 1240 2023 mnu-1:³⁷

380 2064 523 2113 Cvaus
547 2046 753 2099 memoriae
776 2062 880 2099 inter
903 2063 1007 2099 vivos
1029 2064 1137 2100 Abd-
1152 2063 1311 2100 Tam'tho
1339 2063 1625 2112 (Artemidoro)
1650 2065 1734 2106 filio

667 2127 774 2164 Abd-
784 2127 994 2164 schemesch
1019 2129 1264 2177 (Heliodori)
1296 2129 1462 2165 Sidonio.

377 2226 456 2253 vn:
480 2227 548 2254 5³0
571 2220 688 2260 natm)
718 2219 791 2252 Non
815 2231 915 2262 parva
937 2219 1105 2252 difficultas
1128 2221 1212 2251 inest
1233 2221 1266 2251 in
1291 2219 1391 2251 altero
1413 2219 1589 2261 vocabulo,
1613 2220 1696 2263 quod
1712 2220 1871 2253 Akerbla-

250 2275 337 2314 dius,
373 2275 521 2317 Koppius
545 2275 586 2306 al.
609 2275 761 2318 legebant
790 2268 852 2313 522
881 2280 1052 2314 memoria,
1089 2276 1294 2308 Hamakerus
1315 2275 1338 2308 l.
1361 2288 1387 2308 c.
1412 2285 1478 2312 nnn
1509 2277 1618 2309 itidem
1648 2281 1800 2309 memoria
1828 2288 1870 2309 ex

248 2331 472 2371 Aramaismo,
495 2331 697 2373 Tychsenius
720 2340 830 2365 contra
854 2342 921 2376 qap
946 2333 1142 2374 sepulcrum,
1172 2333 1204 2364 in
1226 2343 1320 2375 quam
1336 2335 1526 2365 sententiam
1541 2335 1610 2376 ipse
1625 2345 1666 2365 ex
1681 2333 1869 2365 Akerbladii

249 2387 461 2420 delineatione
476 2389 622 2420 iudicans
637 2388 789 2420 inclinavi
802 2390 887 2431 apud
900 2388 1100 2420 Boeckhium
1114 2387 1137 2420 l.
1147 2400 1173 2420 c.
1205 2388 1268 2420 Sed
1283 2390 1425 2432 inspecto
1439 2389 1545 2431 lapide
1561 2389 1653 2420 aliter
1668 2391 1869 2421 statuendum

252 2450 310 2475 est.
355 2444 504 2477 Secunda
525 2446 611 2476 enim
633 2444 740 2477 littera
763 2446 933 2478 manifesto
956 2452 1004 2477 est
1030 2445 1138 2486 Caph,
1169 2451 1201 2476 et
1223 2443 1311 2476 nullo
1334 2446 1429 2477 modo
1445 2445 1528 2478 Beth
1551 2457 1622 2477 esse
1645 2452 1763 2488 potest,
1787 2445 1869 2486 quod

251 2499 404 2541 peculiari
439 2511 497 2532 sua
527 2501 632 2533 forma
666 2503 835 2544 quinquies
863 2503 897 2534 in
927 2501 987 2533 hac
1016 2502 1223 2545 inscriptione
1257 2509 1428 2544 comparet.
1478 2503 1585 2534 Prima
1618 2501 1697 2533 mihi
1731 2501 1868 2542 lapidem

251 2557 447 2588 examinanti
468 2556 603 2589 multum
626 2559 747 2601 negotii
770 2558 855 2590 fecit.
897 2557 946 2590 Ibi
962 2559 1059 2596 enim,
1082 2558 1138 2590 ubi
1155 2558 1234 2590 haec
1251 2558 1358 2590 littera
1373 2560 1475 2590 incisa
1488 2565 1554 2595 est,
1577 2557 1695 2599 duplex
1714 2557 1868 2598 quaedam

251 2621 334 2643 vena
355 2619 404 2644 est
423 2614 456 2644 in
480 2612 604 2655 lapide,
633 2626 695 2657 qua
717 2615 883 2654 effectum,
916 2621 949 2646 ut
967 2614 1085 2647 'duetus
1107 2614 1182 2656 styli
1205 2625 1265 2656 ope
1288 2614 1365 2646 facti
1382 2625 1477 2657 aegre
1495 2615 1714 2645 discernantur
1732 2623 1751 2643 a
1769 2622 1867 2644 venae

1448 2675 1485 2704 15
