2242 2976
308 233 382 268 112
425 228 557 261 LlBEB
572 227 820 261 SECUNDUS.
848 225 1185 259 INSCRIPTIONES
1200 226 1485 261 PHOENICIAE.
1506 227 1655 262 CAPUT
1669 228 1927 262 SECUNDUM.

305 330 351 356 tot
380 322 516 361 seculis,
555 329 720 364 postquam
752 322 785 352 in
820 319 957 352 Atticam
987 327 1136 363 receptae
1172 302 1259 360 sint,
1295 320 1540 354 Phoeniciamm
1576 321 1752 354 litteraru—
1781 324 1927 366 peritiam

307 381 423 412 nedum
446 389 537 410 usum
560 378 670 409 fuisse.
716 376 901 418 Gephyraei
923 377 1008 409 enim
1031 387 1073 409 ex
1092 377 1220 410 Eretria
1235 376 1388 409 Euboeae
1404 376 1456 409 vel
1471 388 1513 410 ex
1530 376 1682 421 Tanagra
1697 377 1850 412 Boeotiae
1863 380 1928 412 iam

309 444 383 468 ante
406 434 606 467 Eleusiniam
629 433 748 465 bellum
772 434 806 464 iu
829 431 969 465 Atticam
991 434 1110 475 recepti
1131 434 1294 471 videntum
1327 433 1523 466 Phoenicum
1544 441 1651 467 autem
1671 441 1811 478 gentem,
1835 446 1928 478 qnam

307 499 430 524 constat
461 490 602 532 Neptuni
631 489 843 521 sacerdotium
873 489 935 521 sibi
967 490 1144 522 vindicasse
1173 491 1220 532 ⁶),
1258 489 1424 533 probabile
1458 496 1507 522 est
1542 491 1575 522 in
1605 490 1742 523 Atticam
1771 502 1837 524 non
1864 490 1929 524 alio

308 556 449 589 tempore
480 547 624 585 venisse,
662 556 754 588 quam
785 556 847 588 quo
879 544 942 576 alia
973 546 1168 578 Phoenicum
1198 557 1278 590 gens
1300 546 1447 578 Rhodum
1470 546 1645 589 appulerit,
1685 548 1717 578 in
1740 559 1802 590 qua
1823 546 1929 580 insula

309 603 450 646 Neptuni
475 602 625 644 templum
657 601 801 634 condidit
830 609 862 633 et
883 600 1022 644 Neptuni
1046 603 1225 635 sacerdotio
1246 602 1441 635 hereditario
1469 602 1681 646 fungebatur-3
1721 602 1801 635 haec
1823 610 1928 638 autern

306 660 501 691 Phoenicum
524 669 604 701 gens
627 669 699 706 cuin
722 659 845 693 Cadmo
867 662 994 693 venisse
1017 660 1050 691 in
1075 658 1225 691 Rhodum
1248 658 1385 692 insulam
1409 658 1581 691 serebatur.
1633 659 1743 702 Itaque
1766 661 1930 702 utriusque

303 717 409 759 gemis
432 722 464 746 et
485 713 746 757 Gephyraeorum
775 724 807 748 et
836 716 1040 748 Phoenicum*
1055 716 1088 748 in
1110 715 1248 747 Atticam
1271 716 1429 748 adventus
1450 716 1491 748 ad
1513 714 1660 748 fabulosa
1684 723 1827 759 tempora
1848 715 1930 747 refe-

303 772 431 804 rendus.
490 769 597 803 Tanta
633 781 708 803 vero
746 773 897 815 temporis
933 772 1189 814 intercarpedine
1218 772 1385 803 interiecta
1414 782 1478 804 non
1509 772 1689 814 potuissent
1718 772 1781 804 hae
1817 779 1930 815 gentes

302 828 495 860 Phoeniciae
515 826 644 870 linguae
666 839 759 859 usum
782 836 815 860 et
841 830 986 870 peritiam
1008 829 1165 866 retinere,
1187 828 1249 859 nisi
1266 835 1419 870 perpetuo
1432 836 1558 870 praeter
1574 827 1750 871 religiones
1764 835 1929 871 separatas

303 887 398 917 etiam
421 885 586 916 distinctas
608 883 648 916 ab
672 883 803 926 reliquis
825 883 1081 916 Atheniensibus
1104 894 1156 915 res
1178 883 1369 916 domesticas
1384 886 1424 916 *et
1444 882 1584 916 familias
1606 883 1812 924 habuissent,
1833 885 1866 917 id
1880 890 1930 917 est

303 942 365 973 nisi
396 940 556 972 connubia
585 939 673 972 nulls
702 939 767 972 illis
793 940 943 983 gentibus
966 950 1037 972 cum
1062 938 1194 982 reliquis
1216 939 1463 972 Atheniensium
1492 940 1648 980 fuissent,
1683 951 1818 984 quorum
1846 938 1929 983 nibil

303 996 468 1029 credibile.
512 995 596 1028 Nam
619 1007 689 1028 cum
713 1007 755 1028 ex
777 995 979 1039 Gephyraeis
1002 996 1215 1028 Harmodium
1238 1002 1270 1026 et
1284 995 1536 1038 Aristogitonem
1552 1003 1609 1028 aut
1625 996 1710 1028 bunc
1726 1003 1811 1029 certe
1824 996 1926 1031 fuisse

302 1060 425 1086 constet
455 1052 597 1091 (Herod.
619 1051 641 1083 l.
665 1053 727 1094 c.)‚
758 1054 835 1085 satis
858 1059 947 1095 patet
967 1051 1128 1084 connubia
1151 1051 1202 1084 his
1219 1052 1403 1094 promiscue
1424 1062 1497 1084 cum
1519 1050 1650 1095 reliquis
1673 1052 1927 1085 Atheniensibus

303 1110 421 1147 fuisse;
458 1108 638 1141 Phoenicas
668 1115 793 1148 autem,
831 1119 911 1152 quos
944 1109 983 1140 de
1013 1108 1191 1140 sacerdotio
1224 1106 1367 1150 Neptuni
1398 1118 1470 1141 cum
1504 1107 1757 1142 Phalerensibus
1788 1116 1932 1143 certasse.

303 1168 439 1205 scimus,
476 1166 520 1196 ita
549 1171 688 1196 certasse
717 1173 752 1196 ut
782 1166 843 1207 ipsi
873 1163 952 1196 illud
981 1163 1043 1196 sibi
1066 1171 1215 1207 tanquam
1238 1163 1439 1207 gentilicium
1462 1160 1683 1204 vindicarent,
1715 1164 1935 1204 Pbalerenses,

305 1229 410 1254 autem
432 1222 472 1253 ad
494 1232 635 1264 paganos
657 1232 769 1254 omnes
789 1222 951 1264 pertinere
974 1220 1221 1260 contenderent,
1251 1219 1418 1263 probabile
1440 1227 1508 1260 est,
1542 1220 1720 1253 Phoenicas
1743 1222 1842 1264 igitur
1864 1222 1929 1254 iam

303 1279 383 1310 baec
405 1289 470 1310 una
492 1279 647 1310 memoria
668 1279 786 1309 evincit
806 1288 846 1309 ne
866 1276 1040 1319 religiones
1059 1276 1187 1319 quidem
1203 1287 1224 1308 a
1246 1275 1380 1319 reliquis
1394 1269 1650 1310 Atheniensibus
1665 1276 1819 1309 habuisse
1835 1275 1928 1320 plane

303 1335 483 1366 distinctas.
513 1352 551 1358 —
594 1333 699 1376 Atque
728 1335 773 1365 ita
802 1332 940 1365 debebat
968 1339 1109 1365 statuere
1138 1333 1235 1364 etiam
1263 1332 1293 1365 is
1315 1334 1369 1376 qui
1391 1332 1598 1365 Phoenicium
1621 1334 1780 1376 originem
1802 1334 1931 1376 utrique

303 1392 391 1434 genti
414 1390 586 1426 tribueret;
616 1390 674 1421 sed
697 1377 898 1432 Gephyraeis
921 1390 1090 1432 quominus
1111 1399 1182 1421 eam
1208 1389 1365 1432 originem
1388 1388 1530 1429 tribuas,
1553 1390 1764 1432 gravissimae
1785 1390 1928 1422 rationes

304 1447 451 1479 videntur
479 1446 688 1477 intercedere.
738 1446 880 1478 Primum
900 1447 986 1478 enim
1017 1445 1203 1478 Herodotus
1233 1446 1302 1488 ipse
1335 1456 1407 1478 cum
1436 1445 1516 1478 haec
1543 1452 1644 1489 ponat
1671 1447 1727 1486 (5,
1752 1446 1813 1487 57)
1842 1445 1871 1477 οἱ
1893 1445 1928 1477 δὲ

305 1505 491 1545 Γεφυραῖοι,
516 1499 558 1538 ὡς
578 1501 635 1541 μὲν
658 1501 745 1533 αὐτοὶ
769 1502 925 1543 λέγουσιν,
957 1500 1130 1544 ἐγεγόνεσαν
1152 1501 1184 1540 ἐξ
1204 1501 1360 1545 Ἐρετρίης
1380 1501 1436 1544 τήν
1458 1500 1576 1544 ἀρχήν,
1607 1499 1649 1539 ὥς
1670 1501 1704 1533 δὲ
1718 1500 1777 1543 ἐγώ
1791 1500 1928 1534 ἀναπυν-

306 1557 479 1598 θανόμενος
507 1554 653 1598 sinleum,
693 1555 764 1588 ἴσαν
796 1558 936 1594 Φοίνικες
964 1561 1026 1589 τῶν
1056 1557 1112 1589 σὺν
1134 1557 1256 1601 Κάδμῳ
1278 1557 1470 1598 ἀπικομένων
1495 1559 1664 1597 Φοινίκων,
1703 1558 1780 1590 satis
1803 1557 1927 1600 probat,

306 1614 511 1646 Phoenicium
534 1612 799 1655 Gephyraeorum
823 1614 979 1656 originem
1003 1624 1066 1645 non
1091 1624 1131 1645 ex
1154 1624 1259 1646 rerum
1288 1613 1352 1646 fide
1372 1614 1412 1646 ab
1436 1625 1471 1647 se
1490 1615 1632 1653 narrari,
1661 1614 1718 1646 sed
1744 1614 1928 1646 coniectura

306 1678 336 1702 et
368 1671 519 1712 opinione
556 1670 615 1701 niti
645 1670 713 1702 sive
744 1679 803 1700 sua
831 1671 961 1711 propria
989 1671 1058 1701 sive
1087 1681 1159 1702 cnm
1187 1669 1260 1702 aliis
1282 1671 1462 1710 communi,
1498 1677 1530 1702 et
1551 1681 1611 1702 suo
1633 1670 1760 1713 quidem
1784 1677 1927 1712 tempore

306 1726 425 1759 nullam
449 1727 518 1758 eius
541 1726 676 1768 originis
701 1724 900 1767 Gephyraeis
924 1727 1005 1768 ipsis
1026 1725 1126 1758 fuisse
1142 1728 1346 1764 memoriam3
1377 1734 1470 1769 atque
1486 1737 1525 1758 eo
1541 1727 1670 1759 nomine
1685 1725 1927 1768 reprehenditur

306 1794 325 1815 a
354 1781 524 1814 Plutarcho
554 1782 613 1824 (de
643 1781 774 1824 malign.
804 1780 927 1813 Herod.
950 1792 977 1813 c.
999 1785 1072 1823 23).
1115 1782 1200 1814 Dein
1233 1781 1275 1814 Ο.
1298 1781 1476 1814 Muellerus
1503 1781 1677 1824 (Orchom.
1701 1782 1780 1824 118)
1807 1780 1928 1825 aliquot

305 1839 502 1881 argumentis
523 1849 593 1869 cum
610 1839 750 1870 maxime
767 1837 806 1868 ad
822 1838 1077 1880 persuadendum
1094 1839 1220 1871 idoneis
1233 1838 1440 1871 Phoenicium
1455 1849 1581 1870 omnem
1598 1838 1809 1871 Cadmeorum
1829 1839 1927 1881 origi-

306 1905 378 1926 nem
393 1894 524 1926 dubiam
541 1900 573 1924 et
588 1893 808 1925 incredibilem
824 1895 928 1926 evicit.
961 1913 1004 1918 -—
1040 1893 1134 1932 Quae
1156 1895 1314 1938 disputavi
1330 1897 1358 1927 si
1374 1893 1510 1938 probant
1523 1895 1750 1936 inscriptiones
1766 1893 1927 1937 bilingues

305 1950 379 1983 illas
408 1960 472 1981 non
502 1960 596 1992 posse
628 1960 729 1991 neque
756 1950 794 1981 ad
826 1949 1084 1992 Gephyraeorum
1108 1962 1210 1994 neque
1233 1952 1274 1983 ad
1295 1951 1491 1984 Phoenicum
1522 1949 1659 1992 gentiles
1674 1944 1815 1988 referri,
1851 1950 1926 1992 quid

306 2005 463 2049 reliquum
500 2013 548 2037 est
581 2007 643 2038 nisi
682 2011 715 2036 ut
749 2016 803 2037 eas
835 2016 854 2037 a
889 2005 1105 2039 Phoenicibus
1140 2015 1282 2049 repetas,
1328 2008 1381 2049 qui
1420 2007 1453 2038 in
1483 2005 1588 2038 Attica
1625 2005 1674 2037 vel
1712 2013 1747 2038 ut
1777 2005 1925 2048 inquilini

305 2062 482 2103 (μέτοικοι)
519 2061 570 2092 vel
600 2068 634 2093 ut
663 2062 843 2104 municipes
875 2062 1056 2103 (ἰσοτελεΐς)
1089 2062 1139 2094 vel
1168 2073 1226 2105 per
1254 2070 1379 2105 tempus
1409 2069 1443 2094 ut
1470 2063 1630 2105 peregrini
1666 2062 1782 2103 (ξένοι)
1810 2060 1925 2104 reliqui

305 2118 500 2151 domicilium
530 2117 721 2159 posuerant2
759 2117 794 2149 ld
823 2124 930 2149 autem
961 2119 1185 2160 inscriptiones
1216 2120 1304 2161 ipsae
1336 2118 1438 2150 multo
1467 2119 1563 2150 etiam
1595 2119 1696 2160 magis
1724 2116 1922 2149 confirmant.

306 2174 388 2207 Nam
418 2173 612 2206 Numenium
645 2174 836 2212 Citiensem‚
873 2173 1108 2206 Artemidorum
1139 2173 1306 2206 Heliodori
1339 2174 1524 2213 Sidonium,
1562 2174 1686 2206 {renem
1724 2172 1922 2215 Byzantium,

309 2230 425 2274 quibus
455 2237 519 2262 tres
550 2230 632 2272 cippi
662 2233 838 2263 consecrati
869 2238 960 2270 sunt,
997 2232 1059 2262 iam
1091 2231 1198 2262 addita
1226 2232 1399 2274 patriarum
1430 2230 1555 2262 urbium
1581 2232 1710 2262 nomina
1730 2229 1864 2272 probant
1894 2237 1926 2261 et

306 2289 394 2319 cives
420 2286 544 2318 Atticos
576 2284 663 2317 nullo
688 2288 782 2318 modo
805 2298 875 2319 esse
899 2288 1061 2329 potuisse,
1091 2294 1122 2318 et
1145 2287 1294 2319 debuisse
1319 2288 1408 2330 ipsos
1432 2287 1577 2325 demum,
1609 2297 1711 2330 neque
1733 2287 1796 2317 iam
1819 2292 1924 2327 patres

306 2341 357 2380 vel
387 2353 464 2374 avos
493 2340 559 2373 illis
587 2353 629 2373 ex
658 2341 790 2374 urbibus
813 2342 957 2374 Athenas
978 2345 1099 2374 venire.
1144 2343 1292 2386 Denique
1315 2343 1493 2375 Phoenices
1524 2342 1660 2374 Athenis
1689 2350 1724 2373 ut
1751 2341 1924 2384 inquilinos

307 2409 370 2430 non
394 2409 511 2441 paucos
534 2399 653 2430 vixisse
675 2405 872 2430 mercaturae
896 2409 991 2438 causa
1015 2399 1121 2441 ibique
1145 2399 1195 2430 vel
1215 2399 1369 2431 sodalicia
1384 2400 1538 2442 quaedam
1562 2398 1748 2441 (συνόδόυς,
1772 2396 1922 2438 θιάσους)

306 2455 509 2486 constituisse
532 2453 683 2487 credibile
707 2461 765 2486 est.
777 2457 800 2474 ‘⁶

357 2579 383 2613 *)
402 2581 473 2608 Vide
492 2581 622 2608 Dinarchi
638 2581 785 2608 orationem
798 2601 806 2615 ‚
837 2582 871 2607 de
890 2590 942 2616 que
960 2581 1058 2608 dictum
1077 2586 1117 2608 est
1134 2589 1194 2617 pag.
1211 2584 1258 2607 ¹11
1278 2585 1335 2607 not.
1355 2582 1388 2613 Ἴ,
