2242 2976
364 275 440 313 288
511 271 643 305 LIBER
665 267 868 302 TERTIUS.
912 267 973 300 DE
997 265 1139 300 NUMIS
1162 264 1430 299 PHOENlcus.
1471 265 1619 300 CAPUT
1640 266 1857 326 οΙΣΕΒΊἸΠΜ.

366 368 515 402 solerent.
568 363 704 395 Vilioris
735 368 768 394 et
798 362 949 394 materiae
979 367 1011 392 et
1040 360 1182 393 fabricae
1211 367 1288 392 sunt
1309 362 1399 393 numi
1422 359 1638 393 Cossus-enses
1657 367 1690 393 et
1711 360 1891 401 Gaulitnni,
1930 361 1985 403 qui

366 434 477 457 omnes
498 421 608 459 aenei,
641 418 722 450 bano
744 420 847 461 ipsam
869 418 912 450 ob
934 428 1081 450 caussam
1104 423 1211 449 autem
1232 418 1311 449 satis
1333 417 1440 449 crebri
1461 423 1547 449 sunt.

901 517 971 551 1x.
1022 516 1450 552 PANGRMUS.

495 598 688 630 Panormunt
717 606 737 627 a
766 593 1076 638 Carthaginensibus
1105 606 1170 628 una
1198 606 1271 627 oum
1300 594 1412 636 Motya
1439 601 1472 627 et
1493 593 1628 627 Solunte
1651 593 1811 636 (Σολόεις,
1835 611 1874 618 —
1893 604 1988 633 εηος,

366 659 484 693 Σολοῦς
512 666 551 686 ea
581 654 695 685 civitas
723 662 839 695 graece
867 652 1035 691 scribitur,
1066 651 1123 684 lat.
1151 651 1341 693 Soluntum)
1374 651 1536 684 conditam
1564 661 1635 684 esse
1658 657 1769 682 auctor
1791 655 1841 681 est
1861 647 1990 690 Thucy-

366 714 456 746 dides
486 710 587 744 nobili
615 709 687 742 loco
717 708 774 740 lib.
798 711 830 748 6,
854 711 891 746 2,
927 709 1125 752 eandemque
1145 707 1407 740 florentissimam
1430 718 1541 740 eorum
1563 709 1597 739 in
1621 706 1735 739 Sicilia
1755 706 1869 738 urbem
1890 705 1991 739 fui·-

330 799 332 801 a
367 770 465 803 refert
488 767 640 809 Polybius
662 767 713 807 (1,
736 767 818 805 38),
855 766 910 807 qui
938 764 1119 807 βαρυτάτην
1140 763 1229 796 πόλιν
1254 767 1312 805 τῆς
1331 767 1394 796 τῶν
1417 765 1641 806 Καρχηδονίων
1664 763 1813 804 ἐπαρχίας
1842 759 1989 804 appell-h

366 826 525 859 Graecum
555 821 728 865 Πανόρμου
751 831 867 853 nomen
890 821 922 852 ei
943 820 984 853 ab
1006 819 1164 853 Aeolibus
1192 819 1338 852 Siciliam
1359 820 1550 853 adeuntibus
1571 827 1700 864 propter
1720 826 1833 862 portus
1853 816 1992 861 pulchri-

366 883 508 916 tudinem
539 881 647 911 datum
679 887 772 917 esse,
808 876 971 909 Diodorus
1002 884 1111 909 narrat
1141 878 1219 919 (22,
1243 877 1320 919 17):
1359 877 1416 909 sed
1445 878 1511 909 iant
1539 877 1627 919 prius
1655 876 1811 909 Punicum
1834 874 1992 918 quoddam

368 949 483 972 nomen
512 949 532 968 a
559 934 780 968 conditoribus
809 935 839 965 ei
868 933 1004 965 inditum
1033 944 1121 972 esse,
1159 943 1256 976 quum
1294 932 1423 965 aliunde
1461 931 1630 975 probabile
1668 940 1733 971 est,
1772 938 1839 963 tum
1869 941 1912 963 ex
1938 928 1991 963 his

300 1005 301 1008 ’
368 997 473 1028 numis
496 992 680 1036 apparebit,
709 1001 844 1034 quorum
866 990 990 1022 ratione
1012 989 1203 1032 epigraphes
1226 989 1285 1021 has
1307 1000 1367 1021 sex
1389 988 1509 1021 classes
1530 990 1764 1021 constituimus.

499 1076 528 1104 1.
572 1071 680 1112 Caput
702 1068 857 1101 muliebre
879 1069 1023 1100 iuvenile
1045 1068 1218 1110 eleganter
1238 1071 1374 1099 con-tum
1402 1069 1536 1099 intexto
1559 1066 1723 1098 arundine
1743 1065 1790 1098 ad
1807 1067 1988 1104 einietran,

367 1133 486 1163 circum
522 1131 678 1170 quattuor
708 1125 876 1168 piect'cule'.
929 1123 1136 1166 (Mionnetus
1172 1123 1386 1165 Proserpinae
1421 1129 1517 1165 caput
1549 1123 1734 1161 existimat,
1733 1122 1735 1127 “
1771 1121 1991 1164 Lindbergius

369 1193 498 1219 auctore
534 1183 704 1215 Muentero
737 1181 888 1212 Astarten
902 1203 911 1219 ‚
950 1190 1009 1211 uos
1036 1178 1233 1211 Arethusam
1265 1189 1337 1210 esse
1371 1185 1535 1221 putamus,
1574 1178 1646 1210 vide
1683 1177 1768 1210 infra
1808 1178 1849 1210 de
1885 1177 1992 1209 numia

368 1240 611 1284 Syracusanis).
661 1237 715 1270 Al.
748 1237 855 1279 Caput
884 1235 1040 1267 Herculis
1072 1234 1215 1267 inber-be
1245 1237 1378 1267 exuviis
1406 1235 1511 1266 leonte
1543 1238 1664 1267 iectus·
1692 1234 1738 1266 ad
1765 1234 1931 1266 dextram.
1962 1232 1991 1276 )(

372 1299 479 1341 Caput
509 1298 587 1338 eque·
614 1292 746 1333 affabre
768 1292 903 1332 factum
933 1291 979 1323 ad
998 1295 1186 1331 einietraue,
1225 1302 1308 1334 poue
1326 1291 1438 1334 pal-a
1460 1290 1570 1323 arbor.
1613 1290 1702 1322 Infra
1723 1300 1782 1323 sex
1803 1288 1930 1322 litterae
1951 1296 1993 1324 Β,

368 1362 469 1388 runa.
513 1349 672 1392 Exempla
694 1356 803 1381 nostra
825 1348 854 1380 Α
876 1366 918 1372 —-
940 1347 966 1380 F
989 1358 1031 1379 ex
1053 1346 1170 1379 Museo
1193 1346 1378 1380 Britannico
1401 1354 1496 1387 sunt,
1528 1347 1568 1379 de
1591 1357 1724 1390 quorum
1739 1347 1893 1378 varietate
1908 1345 1993 1378 iufra

370 1397 523 1443 dicemus.
568 1405 643 1438 Alia
672 1405 745 1449 plus
772 1406 919 1437 minusve
949 1411 1099 1436 accurate
1129 1403 1286 1436 dederunt
1316 1403 1581 1446 Barthalemyus,
1611 1403 1787 1436 Memoires
1809 1403 1849 1434 de
1869 1401 1992 1435 l'aoad.

370 1466 447 1499 LlV
473 1476 503 1506 p.
519 1466 559 1495 59
584 1463 652 1504 (ed.
668 1464 700 1494 in
718 1462 834 1502 duod.)
857 1472 909 1494 no.
934 1464 971 1499 8,
1000 1460 1147 1493 Swinton
1170 1462 1204 1492 in
1227 1459 1349 1493 Philos.
1372 1459 1603 1492 Transactions
1625 1462 1666 1492 54
1687 1459 1754 1492 tab.
1770 1462 1823 1492 11.
1852 1457 1990 1495 Pellerin

371 1520 509 1564 Peuples
530 1526 563 1551 et
583 1518 678 1550 villes
700 1518 759 1557 lll,
782 1518 847 1550 tab.
873 1521 948 1557 121,
970 1517 1096 1549 Dutens
1118 1518 1196 1549 diss.
1219 1520 1240 1548 2
1262 1516 1306 1560 pl.
1331 1520 1360 1549 1.
1384 1517 1462 1549 diss.
1485 1519 1505 1548 3
1527 1516 1570 1559 pl.
1590 1519 1617 1548 t.
1640 1527 1682 1561 no
1697 1519 1729 1548 2.
1744 1517 1776 1548 3.
1792 1519 1823 1548 4.
1844 1514 1992 1547 Mion'net

371 1579 412 1612 T.
434 1578 458 1611 Ι.
482 1589 512 1620 p.
537 1579 598 1608 268
621 1586 673 1606 uo.
696 1577 758 1606 486
780 1585 848 1617 sqq.
885 1572 1017 1606 Recueil
1040 1574 1096 1605 des
1118 1572 1277 1605 Planches
1299 1572 1364 1605 tab.
1390 1576 1443 1612 20,
1466 1583 1518 1605 ιιο.
1539 1575 1588 1605 15.
1613 1575 1662 1604 16.
1685 1571 1815 1610 tab-66,
1841 1581 1894 1604 uo.
1911 1572 1943 1604 5.
1959 1572 1990 1602 6.
2009 1575 2013 1581 '

372 1635 423 1668 Cf.
445 1633 611 1675 Liudberg
633 1632 673 1663 de
695 1632 794 1662 inser.
818 1629 922 1662 Melit.
945 1640 975 1672 p.
995 1631 1045 1661 16.

500 1715 568 1747 Sex
596 1712 669 1745 illas
694 1711 818 1744 litteras
853 1712 942 1753 (curn
971 1709 1219 1751 Barthelemyo,
1248 1710 1436 1751 Swiatone,
1474 1710 1622 1754 Koppio,
1657 1708 1861 1751 Tychsonio,
1891 1707 1992 1740 Lind-

373 1774 483 1816 bergio
504 1771 562 1813 al.)
586 1769 740 1813 legendas
762 1778 834 1800 esse
856 1775 941 1802 mm
966 1775 1006 1801 ne
1029 1767 1115 1808 (non
1135 1774 1232 1802 nam:
1258 1775 1316 1806 ne,
1334 1774 1369 1799 ut
1385 1766 1535 1799 volebant
1549 1766 1692 1808 Bayerus
1714 1776 1742 1808 p.
1761 1768 1801 1797 14
1823 1765 1874 1797 ed.
1890 1774 1991 1808 germ.

373 1838 405 1861 et
435 1828 681 1860 Bellermannus
710 1824 743 1864 1,
774 1827 804 1856 7.
833 1826 893 1863 15,
929 1823 982 1855 *el
1010 1825 1126 1862 nbma,
1162 1824 1247 1866 quod
1276 1824 1362 1855 idem
1391 1825 1425 1855 in
1455 1822 1530 1855 aliis
1558 1812 1717 1864 eiremplis
1745 1822 1903 1864 reperisse
1928 1819 1992 1853 sibi

374 1884 541 1916 videbatur
562 1885 658 1925 p.15.
675 1884 736 1922 17)
759 1888 879 1912 certum
902 1887 952 1912 est
973 1886 1006 1911 et
1024 1878 1239 1911 indubitatum
1262 1881 1294 1911 in
1318 1878 1483 1919 omnibus,
1506 1889 1588 1922 quae
1612 1878 1812 1917 examinavi,
1833 1875 1993 1920 exemplis

374 1938 610 1973 Parisiensib'us
633 1944 665 1968 et
686 1936 967 1973 Londinensibus;
1001 1943 1088 1969 turm
1110 1942 1235 1974 autem,
1263 1937 1333 1967 sive
1354 1935 1416 1967 hoc
1437 1940 1474 1969 n‘:
1477 1946 1524 1984 ηιξ
1547 1934 1821 1987 pronunciandum
1843 1940 1893 1966 est
1910 1934 1991 1972 sive,

375 1996 459 2039 quod
482 1994 606 2030 malim,
640 1991 795 2035 singulari
817 1987 950 2024 numero
971 2001 1059 2040 ιηῆη
1083 1993 1137 2033 (ut
1158 2001 1248 2038 ria-⁷3,
1273 2002 1353 2034 nus,
1374 1993 1483 2039 ηέξη,
1505 1992 1610 2039 κύνει,
1632 2001 1688 2024 τιν’·
1690 2000 1714 2032 ιζ,
1743 1997 1776 2022 et
1796 1989 1861 2022 alia
1882 1987 1992 2027 multa,

374 2053 448 2084 vide
479 2052 520 2082 ad
548 2053 645 2082 inser.
676 2047 828 2091 Carthag.
851 2051 889 2086 3,
917 2059 947 2090 p.
977 2051 1037 2080 168
1067 2055 1100 2079 et
1130 2048 1214 2079 infra
1240 2047 1296 2080 lib.
1318 2047 1369 2080 IV
1396 2059 1424 2080 c.
1444 2033 1487 2089 4)
1523 2047 1679 2079 Punicum
1705 2046 1805 2079 fuisse
1835 2046 1995 2078 Pauor-e·

374 2117 511 2145 nornen,
540 2108 660 2148 primus
682 2105 762 2136 vidit
783 2103 1028 2146 Barthelemyus
1051 2103 1073 2135 l.
1089 2115 1114 2135 e.
1137 2103 1257 2135 similia
1279 2105 1410 2136 nomina
1425 2104 1546 2136 Caetra
1559 2103 1672 2142 Jula'a,
1698 2102 1817 2135 Caetra
1831 2101 1992 2139 Caecilia,

380 2164 499 2197 Caetra
530 2161 731 2194 Hannibalis
759 2171 964 2203 comparans,
999 2160 1115 2203 quibus
1142 2161 1322 2192 addendum
1350 2161 1453 2202 ipsum
1477 2168 1595 2208 0731373,
1633 2159 1673 2191 de
1693 2158 1817 2202 ⁴oppido
1839 2158 1993 2199 transjtet-

377 2219 511 2252 daneusi
539 2219 572 2248 in
604 2216 646 2248 V.
673 2216 713 2248 T.
744 2228 839 2259 saepe
871 2224 1057 2248 memorato.
1115 2225 1155 2250 ne
1186 2217 1286 2259 (εξ),
1331 2223 1366 2248 ut
1397 2216 1531 2260 ubique,
1563 2216 1718 2258 populun·
1746 2213 1924 2257 signifieat,
1961 2219 1993 2245 et

373 2276 514 2320 populus
546 2272 635 2305 urbis
673 2273 758 2303 idem
794 2280 858 2312 est,
898 2273 982 2316 quod
1011 2274 1044 2304 in
1074 2272 1165 2312 aliis,
1200 2280 1235 2305 ut
1264 2272 1432 2305 Gaditanis
1461 2271 1734 2315 Tingitanisque„
1758 2273 1846 2303 cioee
1875 2269 1995 2311 (⁵¹:252)-

377 2334 468 2371 eius,
498 2330 538 2362 of.
562 2330 683 2376 ηξιριῆζ
707 2336 748 2370 ²:31
777 2332 796 2360 2
811 2329 882 2360 Par.
897 2332 949 2368 32,
968 2332 1025 2366 18;
1049 2327 1266 2371 fallunturque
1280 2328 1426 2371 Koppius
1450 2328 1580 2371 (Bilder
1603 2328 1670 2360 und
1691 2325 1782 2359 Sohr.
1804 2325 1847 2364 11,
1862 2337 1892 2368 p.
1910 2327 1993 2367 19⁰)

379 2395 411 2420 et
442 2386 658 2428 Lindbergius
689 2385 739 2426 (p.
763 2386 847 2424 17),
885 2386 938 2426 qui
965 2393 1050 2418 nat-172
1082 2393 1121 2419 ns
1150 2384 1367 2427 „complexus
1389 2387 1573 2428 portuum“
1601 2384 1737 2416 reddunt
1760 2388 1854 2425 atque
1876 2392 1992 2425 graeco

378 2443 549 2486 Πάνορμος
575 2448 720 2473 accurata
748 2440 940 2482 respondere
972 2448 1097 2482 putant.
1147 2441 1232 2473 Nam
1260 2449 1346 2476 nni-172
1378 2445 1490 2473 caetra
1518 2439 1692 2483 signifieat,
1730 2449 1811 2481 quae
1846 2439 1993 2471 tentoriis

379 2506 542 2538 coustant,
578 2509 642 2530 uon
672 2501 804 2540 portum
838 2497 907 2527 sive
936 2497 1073 2534 navale,
1116 2498 1200 2539 quod
1235 2497 1387 2530 navibus:
1427 2503 1460 2529 et
1487 2505 1527 2531 n,
1563 2495 1604 2527 ab
1636 2493 1836 2538 Etymologis
1865 2494 1993 2537 quidem
2064 2513 2070 2524 i

380 2557 522 2588 redditur
544 2561 577 2586 et
597 2554 689 2586 reddi
711 2559 818 2595 potest
839 2574 861 2592 „
869 2551 1076 2595 complexus,
1107 2553 1288 2584 coniunctio
1300 2556 1341 2592 “,
1371 2554 1428 2586 sed
1448 2554 1483 2585 in
1504 2554 1575 2594 ipso'
1595 2550 1726 2593 linguae
1749 2562 1810 2583 usu
1831 2560 1991 2594 nunqnam

380 2614 425 2644 ita
455 2612 630 2654 reperitur,
665 2611 731 2642 imo
756 2620 806 2652 gr.
828 2611 890 2640 πᾶν
918 2614 968 2640 est
989 2609 1053 2647 5³,
1096 2619 1161 2639 non
1185 2616 1235 2642 ne.

2225 2825 2242 2976 meod—...s
2235 2767 2242 2806 ...a
2234 2716 2242 2742 η,
2236 2677 2242 2698 <2
2240 2640 2242 2642 .
2239 2578 2242 2581 .
2236 2437 2242 2524 .......
2238 2407 2242 2413 ι
