<?xml version="1.0" encoding="UTF-8"?>
<!DOCTYPE html PUBLIC "-//W3C//DTD XHTML 1.0 Transitional//EN"
    "http://www.w3.org/TR/xhtml1/DTD/xhtml1-transitional.dtd">
<html xmlns="http://www.w3.org/1999/xhtml" xml:lang="en" lang="en">
 <head>
  <title>
</title>
<meta http-equiv="Content-Type" content="text/html;charset=utf-8" />
  <meta name='ocr-system' content='tesseract 3.04.00' />
  <meta name='ocr-capabilities' content='ocr_page ocr_carea ocr_par ocr_line ocrx_word'/>
</head>
<body>
  <div class='ocr_page' id='page_1' title='image "./scripturaelingua00geseuoft_0292.png"; bbox 0 0 2242 2976; ppageno 0'>
   <div class='ocr_carea' id='block_1_1' title="bbox 376 243 1935 285">
    <p class='ocr_par' dir='ltr' id='par_1_1' title="bbox 376 243 1935 285">
     <span class='ocr_line' id='line_1_1' title="bbox 376 243 1935 285; baseline -0.003 0"><span class='ocrx_word' id='word_1_1' title='bbox 376 248 451 285; x_wconf 80' lang='lat'>258</span> <span class='ocrx_word' id='word_1_2' title='bbox 495 244 627 279; x_wconf 81' lang='lat' dir='ltr'><strong>LIBER</strong></span> <span class='ocrx_word' id='word_1_3' title='bbox 644 243 890 278; x_wconf 83' lang='lat' dir='ltr'>SECUNDUS.</span> <span class='ocrx_word' id='word_1_4' title='bbox 928 243 1263 278; x_wconf 75' lang='lat' dir='ltr'>INSCRIPTIONES</span> <span class='ocrx_word' id='word_1_5' title='bbox 1278 244 1578 280; x_wconf 49' lang='lat' dir='ltr'>mmmmm&amp;</span> <span class='ocrx_word' id='word_1_6' title='bbox 1594 246 1741 281; x_wconf 65' lang='lat' dir='ltr'>CAPUT</span> <span class='ocrx_word' id='word_1_7' title='bbox 1756 247 1935 282; x_wconf 82' lang='lat' dir='ltr'><strong>NONUM.</strong></span> 
     </span>
    </p>
   </div>
   <div class='ocr_carea' id='block_1_2' title="bbox 352 337 2002 2238">
    <p class='ocr_par' dir='ltr' id='par_1_2' title="bbox 376 337 1999 438">
     <span class='ocr_line' id='line_1_2' title="bbox 376 337 1999 385; baseline 0.001 -12"><span class='ocrx_word' id='word_1_8' title='bbox 376 342 511 384; x_wconf 87' lang='lat' dir='ltr'>septimo</span> <span class='ocrx_word' id='word_1_9' title='bbox 533 346 737 380; x_wconf 54' lang='lat' dir='ltr'>{mammet-n</span> <span class='ocrx_word' id='word_1_10' title='bbox 762 337 855 370; x_wconf 86' lang='lat' dir='ltr'>nobis</span> <span class='ocrx_word' id='word_1_11' title='bbox 878 349 941 370; x_wconf 92' lang='lat' dir='ltr'>non</span> <span class='ocrx_word' id='word_1_12' title='bbox 964 346 1098 370; x_wconf 83' lang='lat' dir='ltr'>constat.</span> <span class='ocrx_word' id='word_1_13' title='bbox 1140 337 1225 371; x_wconf 87' lang='lat' dir='ltr'>Num</span> <span class='ocrx_word' id='word_1_14' title='bbox 1248 338 1301 371; x_wconf 89' lang='lat' dir='ltr'>hic</span> <span class='ocrx_word' id='word_1_15' title='bbox 1322 338 1405 371; x_wconf 79' lang='lat' dir='ltr'>forte</span> <span class='ocrx_word' id='word_1_16' title='bbox 1429 346 1478 371; x_wconf 87' lang='lat' dir='ltr'>est</span> <span class='ocrx_word' id='word_1_17' title='bbox 1501 339 1710 383; x_wconf 69' lang='lat' dir='ltr'>Do’aprepes,</span> <span class='ocrx_word' id='word_1_18' title='bbox 1737 340 1878 385; x_wconf 87' lang='lat' dir='ltr'>Neptuni</span> <span class='ocrx_word' id='word_1_19' title='bbox 1901 341 1999 380; x_wconf 82' lang='lat' dir='ltr'>filius,</span> 
     </span>
     <span class='ocr_line' id='line_1_3' title="bbox 376 393 1799 438; baseline -0.003 -9"><span class='ocrx_word' id='word_1_20' title='bbox 376 399 407 430; x_wconf 92' lang='lat' dir='ltr'>in</span> <span class='ocrx_word' id='word_1_21' title='bbox 431 395 538 428; x_wconf 77' lang='lat' dir='ltr'>fabula</span> <span class='ocrx_word' id='word_1_22' title='bbox 561 394 724 427; x_wconf 86' lang='lat' dir='ltr'>Atlantica</span> <span class='ocrx_word' id='word_1_23' title='bbox 745 401 939 427; x_wconf 86' lang='lat' dir='ltr'>memoratus</span> <span class='ocrx_word' id='word_1_24' title='bbox 957 394 1038 427; x_wconf 85' lang='lat' dir='ltr'>Plat.</span> <span class='ocrx_word' id='word_1_25' title='bbox 1059 393 1139 426; x_wconf 84' lang='lat' dir='ltr'>Crit.</span> <span class='ocrx_word' id='word_1_26' title='bbox 1162 406 1192 438; x_wconf 91' lang='lat' dir='ltr'>p.</span> <span class='ocrx_word' id='word_1_27' title='bbox 1209 395 1290 428; x_wconf 68' lang='lat'>¹¹42</span> <span class='ocrx_word' id='word_1_28' title='bbox 1796 422 1799 425; x_wconf 89' lang='lat'>.</span> 
     </span>
    </p>

    <p class='ocr_par' dir='ltr' id='par_1_3' title="bbox 352 450 2002 2238">
     <span class='ocr_line' id='line_1_4' title="bbox 500 450 1997 497; baseline 0.003 -15"><span class='ocrx_word' id='word_1_29' title='bbox 500 454 529 483; x_wconf 86' lang='grc'>3.</span> <span class='ocrx_word' id='word_1_30' title='bbox 570 450 621 483; x_wconf 85' lang='lat' dir='ltr'>De</span> <span class='ocrx_word' id='word_1_31' title='bbox 651 452 850 483; x_wconf 88' lang='lat' dir='ltr'>monumenti</span> <span class='ocrx_word' id='word_1_32' title='bbox 878 450 1033 483; x_wconf 75' lang='lat' dir='ltr'><strong>Atlantici</strong></span> <span class='ocrx_word' id='word_1_33' title='bbox 1062 458 1175 483; x_wconf 90' lang='lat' dir='ltr'>natura</span> <span class='ocrx_word' id='word_1_34' title='bbox 1199 459 1232 484; x_wconf 88' lang='lat' dir='ltr'>et</span> <span class='ocrx_word' id='word_1_35' title='bbox 1255 450 1363 484; x_wconf 85' lang='lat' dir='ltr'>indole</span> <span class='ocrx_word' id='word_1_36' title='bbox 1386 462 1566 495; x_wconf 73' lang='lat' dir='ltr'><strong>quanquam</strong></span> <span class='ocrx_word' id='word_1_37' title='bbox 1588 451 1683 496; x_wconf 87' lang='lat' dir='ltr'>plura</span> <span class='ocrx_word' id='word_1_38' title='bbox 1702 454 1811 485; x_wconf 85' lang='lat' dir='ltr'>dicere</span> <span class='ocrx_word' id='word_1_39' title='bbox 1832 454 1938 487; x_wconf 81' lang='lat' dir='ltr'>taedet</span> <span class='ocrx_word' id='word_1_40' title='bbox 1957 455 1997 497; x_wconf 81' lang='lat'>¹¹),</span> 
     </span>
     <span class='ocr_line' id='line_1_5' title="bbox 376 506 1999 551; baseline 0.002 -11"><span class='ocrx_word' id='word_1_41' title='bbox 376 515 500 546; x_wconf 84' lang='lat' dir='ltr'>tamen,</span> <span class='ocrx_word' id='word_1_42' title='bbox 537 514 572 539; x_wconf 91' lang='lat' dir='ltr'>ut</span> <span class='ocrx_word' id='word_1_43' title='bbox 603 506 823 539; x_wconf 88' lang='lat' dir='ltr'>Melitensium</span> <span class='ocrx_word' id='word_1_44' title='bbox 854 515 1034 540; x_wconf 83' lang='lat' dir='ltr'>nostrorum</span> <span class='ocrx_word' id='word_1_45' title='bbox 1058 515 1143 540; x_wconf 89' lang='lat' dir='ltr'>artes</span> <span class='ocrx_word' id='word_1_46' title='bbox 1165 507 1291 551; x_wconf 87' lang='lat' dir='ltr'>plenius</span> <span class='ocrx_word' id='word_1_47' title='bbox 1313 509 1545 551; x_wconf 89' lang='lat' dir='ltr'>perspiciantur</span> <span class='ocrx_word' id='word_1_48' title='bbox 1567 515 1600 541; x_wconf 87' lang='lat' dir='ltr'>et</span> <span class='ocrx_word' id='word_1_49' title='bbox 1620 510 1820 549; x_wconf 86' lang='lat' dir='ltr'>iudicentur,</span> <span class='ocrx_word' id='word_1_50' title='bbox 1848 510 1999 543; x_wconf 62' lang='lat' dir='ltr'>adenovo</span> 
     </span>
     <span class='ocr_line' id='line_1_6' title="bbox 376 563 1997 608; baseline 0.002 -12"><span class='ocrx_word' id='word_1_51' title='bbox 376 565 513 607; x_wconf 88' lang='lat' dir='ltr'>quodam</span> <span class='ocrx_word' id='word_1_52' title='bbox 545 565 615 595; x_wconf 89' lang='lat' dir='ltr'>eius</span> <span class='ocrx_word' id='word_1_53' title='bbox 645 564 809 595; x_wconf 82' lang='lat' dir='ltr'>societatis</span> <span class='ocrx_word' id='word_1_54' title='bbox 837 564 967 596; x_wconf 84' lang='lat' dir='ltr'>invento</span> <span class='ocrx_word' id='word_1_55' title='bbox 997 564 1166 597; x_wconf 88' lang='lat' dir='ltr'>dicendum</span> <span class='ocrx_word' id='word_1_56' title='bbox 1193 571 1253 597; x_wconf 76' lang='lat' dir='ltr'>est.</span> <span class='ocrx_word' id='word_1_57' title='bbox 1302 563 1387 597; x_wconf 89' lang='lat' dir='ltr'>Nam</span> <span class='ocrx_word' id='word_1_58' title='bbox 1421 564 1626 608; x_wconf 83' lang='lat' dir='ltr'>Grongnetus</span> <span class='ocrx_word' id='word_1_59' title='bbox 1659 572 1768 598; x_wconf 84' lang='lat' dir='ltr'>noster</span> <span class='ocrx_word' id='word_1_60' title='bbox 1797 569 1997 600; x_wconf 19' lang='lat' dir='ltr'>sanantem</span> 
     </span>
     <span class='ocr_line' id='line_1_7' title="bbox 377 619 2000 656; baseline 0.002 -5"><span class='ocrx_word' id='word_1_61' title='bbox 377 619 509 652; x_wconf 76' lang='lat' dir='ltr'>Melitae</span> <span class='ocrx_word' id='word_1_62' title='bbox 538 620 602 652; x_wconf 88' lang='lat' dir='ltr'>sibi</span> <span class='ocrx_word' id='word_1_63' title='bbox 631 621 806 652; x_wconf 88' lang='lat' dir='ltr'>amicitiam</span> <span class='ocrx_word' id='word_1_64' title='bbox 834 619 1017 652; x_wconf 86' lang='lat' dir='ltr'>conciliavit</span> <span class='ocrx_word' id='word_1_65' title='bbox 1045 620 1189 654; x_wconf 67' lang='lat' dir='ltr'>Donum·</span> <span class='ocrx_word' id='word_1_66' title='bbox 1207 621 1250 653; x_wconf 82' lang='lat' dir='ltr'>de</span> <span class='ocrx_word' id='word_1_67' title='bbox 1270 621 1397 654; x_wconf 68' lang='lat' dir='ltr'>Rima·</span> <span class='ocrx_word' id='word_1_68' title='bbox 1416 620 1645 654; x_wconf 86' lang='lat' dir='ltr'>Valliclnsani:</span> <span class='ocrx_word' id='word_1_69' title='bbox 1675 621 1731 654; x_wconf 89' lang='lat' dir='ltr'>ille</span> <span class='ocrx_word' id='word_1_70' title='bbox 1752 621 2000 656; x_wconf 16' lang='lat' dir='ltr'>manain-to·-</span> 
     </span>
     <span class='ocr_line' id='line_1_8' title="bbox 378 676 1999 720; baseline 0.002 -12"><span class='ocrx_word' id='word_1_71' title='bbox 378 676 529 708; x_wconf 89' lang='lat' dir='ltr'>Aristone</span> <span class='ocrx_word' id='word_1_72' title='bbox 559 676 688 716; x_wconf 89' lang='lat' dir='ltr'>Samio,</span> <span class='ocrx_word' id='word_1_73' title='bbox 725 683 802 708; x_wconf 85' lang='lat' dir='ltr'>noto</span> <span class='ocrx_word' id='word_1_74' title='bbox 831 683 866 708; x_wconf 91' lang='lat' dir='ltr'>ut</span> <span class='ocrx_word' id='word_1_75' title='bbox 892 676 994 709; x_wconf 79' lang='lat' dir='ltr'>fertur</span> <span class='ocrx_word' id='word_1_76' title='bbox 1024 676 1172 716; x_wconf 87' lang='lat' dir='ltr'>homine,</span> <span class='ocrx_word' id='word_1_77' title='bbox 1203 688 1258 720; x_wconf 88' lang='lat' dir='ltr'>per</span> <span class='ocrx_word' id='word_1_78' title='bbox 1281 676 1452 710; x_wconf 75' lang='lat' dir='ltr'><strong>Graeciam</strong></span> <span class='ocrx_word' id='word_1_79' title='bbox 1474 684 1508 710; x_wconf 90' lang='lat' dir='ltr'>et</span> <span class='ocrx_word' id='word_1_80' title='bbox 1532 678 1677 711; x_wconf 62' lang='lat' dir='ltr'>Africam</span> <span class='ocrx_word' id='word_1_81' title='bbox 1698 680 1759 711; x_wconf 83' lang='lat' dir='ltr'>iter</span> <span class='ocrx_word' id='word_1_82' title='bbox 1779 678 1916 711; x_wconf 71' lang='lat' dir='ltr'>fecerat:</span> <span class='ocrx_word' id='word_1_83' title='bbox 1945 677 1999 713; x_wconf 72' lang='lat' dir='ltr'>ht·</span> 
     </span>
     <span class='ocr_line' id='line_1_9' title="bbox 378 731 1999 778; baseline 0.002 -13"><span class='ocrx_word' id='word_1_84' title='bbox 378 735 558 776; x_wconf 77' lang='lat' dir='ltr'>contigerat</span> <span class='ocrx_word' id='word_1_85' title='bbox 579 740 614 765; x_wconf 86' lang='lat' dir='ltr'>ut</span> <span class='ocrx_word' id='word_1_86' title='bbox 637 743 733 776; x_wconf 89' lang='lat' dir='ltr'>quum</span> <span class='ocrx_word' id='word_1_87' title='bbox 749 731 823 764; x_wconf 77' lang='lat' dir='ltr'>aliis</span> <span class='ocrx_word' id='word_1_88' title='bbox 840 732 936 765; x_wconf 87' lang='lat' dir='ltr'>rebus</span> <span class='ocrx_word' id='word_1_89' title='bbox 950 735 1089 777; x_wconf 85' lang='lat' dir='ltr'>antiquis</span> <span class='ocrx_word' id='word_1_90' title='bbox 1104 735 1212 778; x_wconf 86' lang='lat' dir='ltr'>magni</span> <span class='ocrx_word' id='word_1_91' title='bbox 1227 734 1320 777; x_wconf 85' lang='lat' dir='ltr'>pretii</span> <span class='ocrx_word' id='word_1_92' title='bbox 1337 735 1515 776; x_wconf 72' lang='lat' dir='ltr'>potirentur</span> <span class='ocrx_word' id='word_1_93' title='bbox 1532 741 1598 767; x_wconf 88' lang='lat' dir='ltr'>tum</span> <span class='ocrx_word' id='word_1_94' title='bbox 1615 745 1654 767; x_wconf 89' lang='lat' dir='ltr'>eo</span> <span class='ocrx_word' id='word_1_95' title='bbox 1668 735 1739 777; x_wconf 90' lang='lat' dir='ltr'>ipso</span> <span class='ocrx_word' id='word_1_96' title='bbox 1755 746 1840 767; x_wconf 88' lang='lat' dir='ltr'>anno</span> <span class='ocrx_word' id='word_1_97' title='bbox 1854 737 1889 768; x_wconf 90' lang='lat' dir='ltr'>in</span> <span class='ocrx_word' id='word_1_98' title='bbox 1902 733 1999 768; x_wconf 76' lang='lat' dir='ltr'>Creta</span> 
     </span>
     <span class='ocr_line' id='line_1_10' title="bbox 378 788 2000 837; baseline 0.002 -15"><span class='ocrx_word' id='word_1_99' title='bbox 378 789 485 822; x_wconf 87' lang='lat' dir='ltr'>insula</span> <span class='ocrx_word' id='word_1_100' title='bbox 514 791 696 821; x_wconf 84' lang='lat' dir='ltr'>invenirent</span> <span class='ocrx_word' id='word_1_101' title='bbox 724 788 867 820; x_wconf 80' lang='lat' dir='ltr'>codicem</span> <span class='ocrx_word' id='word_1_102' title='bbox 897 800 1111 833; x_wconf 81' lang='lat' dir='ltr'>papyraceum</span> <span class='ocrx_word' id='word_1_103' title='bbox 1141 801 1219 822; x_wconf 88' lang='lat' dir='ltr'>sane</span> <span class='ocrx_word' id='word_1_104' title='bbox 1246 801 1341 834; x_wconf 88' lang='lat' dir='ltr'>quam</span> <span class='ocrx_word' id='word_1_105' title='bbox 1373 797 1552 830; x_wconf 88' lang='lat' dir='ltr'>vetustum,</span> <span class='ocrx_word' id='word_1_106' title='bbox 1590 802 1652 835; x_wconf 85' lang='lat' dir='ltr'>quo</span> <span class='ocrx_word' id='word_1_107' title='bbox 1674 791 1898 824; x_wconf 88' lang='lat' dir='ltr'>continebatur</span> <span class='ocrx_word' id='word_1_108' title='bbox 1918 802 2000 837; x_wconf 51' lang='lat' dir='ltr'>ops!</span> 
     </span>
     <span class='ocr_line' id='line_1_11' title="bbox 379 844 2000 895; baseline 0.001 -16"><span class='ocrx_word' id='word_1_109' title='bbox 379 847 566 889; x_wconf 82' lang='lat' dir='ltr'>inscriptum</span> <span class='ocrx_word' id='word_1_110' title='bbox 595 847 656 878; x_wconf 87' lang='lat' dir='ltr'>sic:</span> <span class='ocrx_word' id='word_1_111' title='bbox 689 868 710 884; x_wconf 85' lang='lat'>„</span> <span class='ocrx_word' id='word_1_112' title='bbox 720 848 785 878; x_wconf 82' lang='grc' dir='ltr'>Τοῦ</span> <span class='ocrx_word' id='word_1_113' title='bbox 807 844 955 887; x_wconf 78' lang='grc' dir='ltr'><em>Εὗμάλου</em></span> <span class='ocrx_word' id='word_1_114' title='bbox 978 847 1166 888; x_wconf 75' lang='grc' dir='ltr'><strong><em>Κυραινικοῦ</em></strong></span> <span class='ocrx_word' id='word_1_115' title='bbox 1187 844 1323 889; x_wconf 70' lang='grc' dir='ltr'><strong><em>Ἶστορία</em></strong></span> <span class='ocrx_word' id='word_1_116' title='bbox 1343 847 1483 887; x_wconf 77' lang='grc' dir='ltr'><em>Λιβυκοὶ</em></span> <span class='ocrx_word' id='word_1_117' title='bbox 1507 847 1612 887; x_wconf 68' lang='grc' dir='ltr'><strong><em>βίβλοι</em></strong></span> <span class='ocrx_word' id='word_1_118' title='bbox 1631 847 1780 880; x_wconf 85' lang='grc' dir='ltr'><em>ΔΔΙΙΙ“</em></span> <span class='ocrx_word' id='word_1_119' title='bbox 1799 849 1855 889; x_wconf 76' lang='lat'>¹&#39;⁸&#39;)·</span> <span class='ocrx_word' id='word_1_120' title='bbox 1871 848 1934 890; x_wconf 76' lang='lat' dir='ltr'>(cf.</span> <span class='ocrx_word' id='word_1_121' title='bbox 1959 848 2000 895; x_wconf 59' lang='lat' dir='ltr'>de</span> 
     </span>
     <span class='ocr_line' id='line_1_12' title="bbox 379 892 1998 947; baseline 0.002 -14"><span class='ocrx_word' id='word_1_122' title='bbox 379 901 515 934; x_wconf 87' lang='lat' dir='ltr'>Eumalo</span> <span class='ocrx_word' id='word_1_123' title='bbox 540 900 619 934; x_wconf 81' lang='lat' dir='ltr'>Plat.</span> <span class='ocrx_word' id='word_1_124' title='bbox 645 900 724 934; x_wconf 85' lang='lat' dir='ltr'>Crit.</span> <span class='ocrx_word' id='word_1_125' title='bbox 748 913 778 945; x_wconf 89' lang='lat' dir='ltr'>p.</span> <span class='ocrx_word' id='word_1_126' title='bbox 796 906 858 934; x_wconf 80' lang='lat'>1¹4</span> <span class='ocrx_word' id='word_1_127' title='bbox 873 900 934 944; x_wconf 87' lang='lat' dir='ltr'>B).</span> <span class='ocrx_word' id='word_1_128' title='bbox 979 902 1098 935; x_wconf 86' lang='lat' dir='ltr'>Sextus</span> <span class='ocrx_word' id='word_1_129' title='bbox 1117 901 1200 934; x_wconf 90' lang='lat' dir='ltr'>liber</span> <span class='ocrx_word' id='word_1_130' title='bbox 1223 903 1263 935; x_wconf 85' lang='lat' dir='ltr'>de</span> <span class='ocrx_word' id='word_1_131' title='bbox 1279 902 1498 935; x_wconf 67' lang='lat' dir='ltr'>submersione</span> <span class='ocrx_word' id='word_1_132' title='bbox 1515 903 1705 936; x_wconf 59' lang='lat' dir='ltr'>Atlantida</span> <span class='ocrx_word' id='word_1_133' title='bbox 1724 903 1849 947; x_wconf 76' lang='lat' dir='ltr'>agebat.</span> <span class='ocrx_word' id='word_1_134' title='bbox 1893 892 1998 942; x_wconf 69' lang='lat' dir='ltr'>Quam</span> 
     </span>
     <span class='ocr_line' id='line_1_13' title="bbox 378 956 2000 1003; baseline 0.001 -13"><span class='ocrx_word' id='word_1_135' title='bbox 378 970 472 1002; x_wconf 90' lang='lat' dir='ltr'>quum</span> <span class='ocrx_word' id='word_1_136' title='bbox 497 969 597 1001; x_wconf 83' lang='lat' dir='ltr'>nuper</span> <span class='ocrx_word' id='word_1_137' title='bbox 618 956 740 991; x_wconf 74' lang='lat' dir='ltr'>Fortia</span> <span class='ocrx_word' id='word_1_138' title='bbox 762 964 928 990; x_wconf 69' lang='lat' dir='ltr'>tractasset</span> <span class='ocrx_word' id='word_1_139' title='bbox 947 960 981 990; x_wconf 92' lang='lat' dir='ltr'>in</span> <span class='ocrx_word' id='word_1_140' title='bbox 1002 970 1098 1001; x_wconf 89' lang='lat' dir='ltr'>opere</span> <span class='ocrx_word' id='word_1_141' title='bbox 1112 959 1196 1002; x_wconf 88' lang='lat' dir='ltr'>quod</span> <span class='ocrx_word' id='word_1_142' title='bbox 1211 970 1308 1001; x_wconf 88' lang='lat' dir='ltr'>supra</span> <span class='ocrx_word' id='word_1_143' title='bbox 1324 961 1517 999; x_wconf 78' lang='lat' dir='ltr'>memoravi,</span> <span class='ocrx_word' id='word_1_144' title='bbox 1541 959 1746 1003; x_wconf 87' lang='lat' dir='ltr'>Grongnetus</span> <span class='ocrx_word' id='word_1_145' title='bbox 1766 966 1873 992; x_wconf 84' lang='lat' dir='ltr'>autem</span> <span class='ocrx_word' id='word_1_146' title='bbox 1896 959 1958 993; x_wconf 82' lang='lat' dir='ltr'>hoc</span> <span class='ocrx_word' id='word_1_147' title='bbox 1978 971 2000 992; x_wconf 87' lang='lat' dir='ltr'>a</span> 
     </span>
     <span class='ocr_line' id='line_1_14' title="bbox 377 1014 1998 1059; baseline 0 -11"><span class='ocrx_word' id='word_1_148' title='bbox 377 1015 487 1048; x_wconf 83' lang='lat' dir='ltr'>Fortia</span> <span class='ocrx_word' id='word_1_149' title='bbox 516 1022 679 1057; x_wconf 90' lang='lat' dir='ltr'>acceptum</span> <span class='ocrx_word' id='word_1_150' title='bbox 710 1014 857 1046; x_wconf 85' lang='lat' dir='ltr'>Melitam</span> <span class='ocrx_word' id='word_1_151' title='bbox 886 1025 995 1046; x_wconf 88' lang='lat' dir='ltr'>secum</span> <span class='ocrx_word' id='word_1_152' title='bbox 1023 1014 1185 1046; x_wconf 72' lang='lat' dir='ltr'>attulisset</span> <span class='ocrx_word' id='word_1_153' title='bbox 1214 1021 1246 1046; x_wconf 89' lang='lat' dir='ltr'>et</span> <span class='ocrx_word' id='word_1_154' title='bbox 1276 1014 1427 1058; x_wconf 80' lang='lat' dir='ltr'>legisset,</span> <span class='ocrx_word' id='word_1_155' title='bbox 1461 1026 1578 1057; x_wconf 84' lang='lat' dir='ltr'>operae</span> <span class='ocrx_word' id='word_1_156' title='bbox 1598 1017 1737 1059; x_wconf 87' lang='lat' dir='ltr'>pretium</span> <span class='ocrx_word' id='word_1_157' title='bbox 1760 1017 1790 1048; x_wconf 85' lang='lat' dir='ltr'>ei</span> <span class='ocrx_word' id='word_1_158' title='bbox 1813 1017 1915 1048; x_wconf 89' lang='lat' dir='ltr'>visum</span> <span class='ocrx_word' id='word_1_159' title='bbox 1938 1024 1998 1056; x_wconf 86' lang='lat' dir='ltr'>est,</span> 
     </span>
     <span class='ocr_line' id='line_1_15' title="bbox 352 1069 2000 1115; baseline 0.001 -11"><span class='ocrx_word' id='word_1_160' title='bbox 352 1088 356 1089; x_wconf 42' lang='lat'><em>⁷</em></span> <span class='ocrx_word' id='word_1_161' title='bbox 379 1070 549 1104; x_wconf 86' lang='lat' dir='ltr'>Eumalum</span> <span class='ocrx_word' id='word_1_162' title='bbox 572 1081 777 1114; x_wconf 78' lang='lat' dir='ltr'>cognoscere.</span> <span class='ocrx_word' id='word_1_163' title='bbox 821 1070 921 1113; x_wconf 80' lang='lat' dir='ltr'>Igitur</span> <span class='ocrx_word' id='word_1_164' title='bbox 941 1069 1070 1102; x_wconf 80' lang='lat' dir='ltr'>Pezsali</span> <span class='ocrx_word' id='word_1_165' title='bbox 1099 1070 1286 1114; x_wconf 72' lang='lat' dir='ltr'>Pargiotae,</span> <span class='ocrx_word' id='word_1_166' title='bbox 1323 1073 1441 1103; x_wconf 78' lang='lat' dir='ltr'>veteris</span> <span class='ocrx_word' id='word_1_167' title='bbox 1463 1070 1654 1104; x_wconf 67' lang='lat' dir='ltr'>Graecitatis</span> <span class='ocrx_word' id='word_1_168' title='bbox 1675 1083 1794 1115; x_wconf 88' lang='lat' dir='ltr'>gnaro,</span> <span class='ocrx_word' id='word_1_169' title='bbox 1824 1073 2000 1113; x_wconf 83' lang='lat' dir='ltr'>mandavit,</span> 
     </span>
     <span class='ocr_line' id='line_1_16' title="bbox 380 1126 2000 1172; baseline 0.001 -12"><span class='ocrx_word' id='word_1_170' title='bbox 380 1135 415 1160; x_wconf 91' lang='lat' dir='ltr'>ut</span> <span class='ocrx_word' id='word_1_171' title='bbox 436 1134 563 1159; x_wconf 85' lang='lat' dir='ltr'>sextum</span> <span class='ocrx_word' id='word_1_172' title='bbox 585 1126 703 1159; x_wconf 89' lang='lat' dir='ltr'>librum</span> <span class='ocrx_word' id='word_1_173' title='bbox 725 1128 759 1158; x_wconf 92' lang='lat' dir='ltr'>in</span> <span class='ocrx_word' id='word_1_174' title='bbox 782 1126 929 1159; x_wconf 86' lang='lat' dir='ltr'>Italicum</span> <span class='ocrx_word' id='word_1_175' title='bbox 951 1137 1133 1159; x_wconf 86' lang='lat' dir='ltr'>sermonem</span> <span class='ocrx_word' id='word_1_176' title='bbox 1156 1134 1302 1159; x_wconf 82' lang='lat' dir='ltr'>verteret.</span> <span class='ocrx_word' id='word_1_177' title='bbox 1355 1126 1437 1159; x_wconf 80' lang='lat' dir='ltr'>Mox</span> <span class='ocrx_word' id='word_1_178' title='bbox 1457 1126 1567 1160; x_wconf 78' lang='lat' dir='ltr'>Aristo</span> <span class='ocrx_word' id='word_1_179' title='bbox 1589 1128 1673 1160; x_wconf 86' lang='lat' dir='ltr'>diem</span> <span class='ocrx_word' id='word_1_180' title='bbox 1697 1139 1881 1172; x_wconf 86' lang='lat' dir='ltr'>supremum</span> <span class='ocrx_word' id='word_1_181' title='bbox 1904 1127 2000 1169; x_wconf 77' lang='lat' dir='ltr'>obiit,</span> 
     </span>
     <span class='ocr_line' id='line_1_17' title="bbox 380 1173 2000 1227; baseline 0.001 -11"><span class='ocrx_word' id='word_1_182' title='bbox 380 1185 499 1217; x_wconf 85' lang='lat' dir='ltr'>codicis</span> <span class='ocrx_word' id='word_1_183' title='bbox 534 1183 627 1215; x_wconf 87' lang='lat' dir='ltr'>heres</span> <span class='ocrx_word' id='word_1_184' title='bbox 666 1182 839 1222; x_wconf 77' lang='lat' dir='ltr'>Riensius,</span> <span class='ocrx_word' id='word_1_185' title='bbox 876 1194 972 1226; x_wconf 88' lang='lat' dir='ltr'>quum</span> <span class='ocrx_word' id='word_1_186' title='bbox 1011 1181 1183 1225; x_wconf 88' lang='lat' dir='ltr'>Naupliam</span> <span class='ocrx_word' id='word_1_187' title='bbox 1220 1182 1495 1226; x_wconf 82' lang='lat' dir='ltr'>proficisceretur,</span> <span class='ocrx_word' id='word_1_188' title='bbox 1535 1194 1555 1215; x_wconf 87' lang='lat' dir='ltr'>a</span> <span class='ocrx_word' id='word_1_189' title='bbox 1578 1173 1804 1226; x_wconf 35' lang='lat' dir='ltr'>xpraedonibus</span> <span class='ocrx_word' id='word_1_190' title='bbox 1833 1183 2000 1227; x_wconf 81' lang='lat' dir='ltr'>spoliatur,</span> 
     </span>
     <span class='ocr_line' id='line_1_18' title="bbox 380 1238 2002 1284; baseline 0.001 -12"><span class='ocrx_word' id='word_1_191' title='bbox 380 1248 491 1284; x_wconf 77' lang='lat' dir='ltr'>postea</span> <span class='ocrx_word' id='word_1_192' title='bbox 512 1241 545 1271; x_wconf 93' lang='lat' dir='ltr'>in</span> <span class='ocrx_word' id='word_1_193' title='bbox 567 1239 691 1271; x_wconf 85' lang='lat' dir='ltr'>Indiam</span> <span class='ocrx_word' id='word_1_194' title='bbox 714 1238 942 1282; x_wconf 83' lang='lat' dir='ltr'>proficiscitur:</span> <span class='ocrx_word' id='word_1_195' title='bbox 974 1239 1077 1271; x_wconf 88' lang='lat' dir='ltr'>codex</span> <span class='ocrx_word' id='word_1_196' title='bbox 1098 1240 1197 1282; x_wconf 84' lang='lat' dir='ltr'>igitur</span> <span class='ocrx_word' id='word_1_197' title='bbox 1219 1239 1361 1282; x_wconf 87' lang='lat' dir='ltr'>perditus</span> <span class='ocrx_word' id='word_1_198' title='bbox 1383 1249 1455 1271; x_wconf 80' lang='lat' dir='ltr'>esse</span> <span class='ocrx_word' id='word_1_199' title='bbox 1469 1239 1658 1272; x_wconf 85' lang='lat' dir='ltr'>iudicandus</span> <span class='ocrx_word' id='word_1_200' title='bbox 1673 1247 1732 1273; x_wconf 86' lang='lat' dir='ltr'>est.</span> <span class='ocrx_word' id='word_1_201' title='bbox 1774 1239 1879 1274; x_wconf 84' lang='lat' dir='ltr'>Nobis</span> <span class='ocrx_word' id='word_1_202' title='bbox 1894 1238 2002 1274; x_wconf 66' lang='lat' dir='ltr'>num</span> 
     </span>
     <span class='ocr_line' id='line_1_19' title="bbox 379 1293 2001 1339; baseline 0.001 -11"><span class='ocrx_word' id='word_1_203' title='bbox 379 1302 528 1339; x_wconf 76' lang='lat' dir='ltr'>superest</span> <span class='ocrx_word' id='word_1_204' title='bbox 547 1294 658 1327; x_wconf 86' lang='lat' dir='ltr'>Italica</span> <span class='ocrx_word' id='word_1_205' title='bbox 679 1294 862 1335; x_wconf 77' lang='lat' dir='ltr'>translatio,</span> <span class='ocrx_word' id='word_1_206' title='bbox 893 1306 988 1338; x_wconf 88' lang='lat' dir='ltr'>quam</span> <span class='ocrx_word' id='word_1_207' title='bbox 1011 1294 1135 1327; x_wconf 86' lang='lat' dir='ltr'>Gallice</span> <span class='ocrx_word' id='word_1_208' title='bbox 1157 1296 1295 1328; x_wconf 80' lang='lat' dir='ltr'>reddidit</span> <span class='ocrx_word' id='word_1_209' title='bbox 1315 1293 1456 1335; x_wconf 73' lang='lat' dir='ltr'>Fortia,</span> <span class='ocrx_word' id='word_1_210' title='bbox 1487 1296 1643 1328; x_wconf 75' lang='lat' dir='ltr'>redditam</span> <span class='ocrx_word' id='word_1_211' title='bbox 1662 1296 1816 1338; x_wconf 75' lang='lat' dir='ltr'>Societati</span> <span class='ocrx_word' id='word_1_212' title='bbox 1836 1295 2001 1330; x_wconf 73' lang='lat' dir='ltr'>Asiaticae</span> 
     </span>
     <span class='ocr_line' id='line_1_20' title="bbox 381 1350 2001 1395; baseline 0.001 -11"><span class='ocrx_word' id='word_1_213' title='bbox 381 1352 556 1384; x_wconf 85' lang='lat' dir='ltr'>Parisiensi</span> <span class='ocrx_word' id='word_1_214' title='bbox 577 1350 732 1395; x_wconf 80' lang='lat' dir='ltr'>praelegit</span> <span class='ocrx_word' id='word_1_215' title='bbox 747 1351 779 1383; x_wconf 90' lang='lat' dir='ltr'>d.</span> <span class='ocrx_word' id='word_1_216' title='bbox 792 1356 824 1384; x_wconf 80' lang='lat'>4.</span> <span class='ocrx_word' id='word_1_217' title='bbox 840 1351 934 1384; x_wconf 86' lang='lat' dir='ltr'>Febr.</span> <span class='ocrx_word' id='word_1_218' title='bbox 951 1354 1032 1384; x_wconf 81' lang='lat'><strong>1828</strong></span> <span class='ocrx_word' id='word_1_219' title='bbox 1055 1352 1109 1394; x_wconf 83' lang='lat' dir='ltr'>(v.</span> <span class='ocrx_word' id='word_1_220' title='bbox 1129 1351 1274 1385; x_wconf 84' lang='lat' dir='ltr'>Annales</span> <span class='ocrx_word' id='word_1_221' title='bbox 1289 1352 1331 1384; x_wconf 88' lang='lat' dir='ltr'>de</span> <span class='ocrx_word' id='word_1_222' title='bbox 1345 1351 1377 1384; x_wconf 89' lang='lat' dir='ltr'>la</span> <span class='ocrx_word' id='word_1_223' title='bbox 1393 1351 1587 1385; x_wconf 73' lang='lat' dir='ltr'>Litterature</span> <span class='ocrx_word' id='word_1_224' title='bbox 1602 1359 1635 1384; x_wconf 86' lang='lat' dir='ltr'>et</span> <span class='ocrx_word' id='word_1_225' title='bbox 1648 1353 1705 1386; x_wconf 89' lang='lat' dir='ltr'>des</span> <span class='ocrx_word' id='word_1_226' title='bbox 1717 1352 1811 1393; x_wconf 89' lang='lat' dir='ltr'>Arts‚</span> <span class='ocrx_word' id='word_1_227' title='bbox 1824 1352 1877 1386; x_wconf 73' lang='lat' dir='ltr'>T.</span> <span class='ocrx_word' id='word_1_228' title='bbox 1893 1352 2001 1386; x_wconf 80' lang='lat' dir='ltr'>XXX</span> 
     </span>
     <span class='ocr_line' id='line_1_21' title="bbox 381 1407 2001 1452; baseline 0.001 -12"><span class='ocrx_word' id='word_1_229' title='bbox 381 1419 432 1440; x_wconf 87' lang='lat' dir='ltr'>no.</span> <span class='ocrx_word' id='word_1_230' title='bbox 456 1408 555 1450; x_wconf 81' lang='lat'>384),</span> <span class='ocrx_word' id='word_1_231' title='bbox 586 1408 670 1440; x_wconf 93' lang='lat' dir='ltr'>unde</span> <span class='ocrx_word' id='word_1_232' title='bbox 701 1407 856 1440; x_wconf 88' lang='lat' dir='ltr'>nonnulla</span> <span class='ocrx_word' id='word_1_233' title='bbox 875 1410 910 1440; x_wconf 93' lang='lat' dir='ltr'>in</span> <span class='ocrx_word' id='word_1_234' title='bbox 932 1407 1153 1451; x_wconf 85' lang='lat' dir='ltr'>superioribus</span> <span class='ocrx_word' id='word_1_235' title='bbox 1177 1410 1242 1440; x_wconf 86' lang='lat' dir='ltr'>iam</span> <span class='ocrx_word' id='word_1_236' title='bbox 1264 1410 1484 1448; x_wconf 87' lang='lat' dir='ltr'>enotavimus‚</span> <span class='ocrx_word' id='word_1_237' title='bbox 1521 1407 1586 1441; x_wconf 91' lang='lat' dir='ltr'>alia</span> <span class='ocrx_word' id='word_1_238' title='bbox 1606 1410 1762 1452; x_wconf 86' lang='lat' dir='ltr'>quaedam</span> <span class='ocrx_word' id='word_1_239' title='bbox 1782 1420 1869 1442; x_wconf 86' lang='lat' dir='ltr'>nunc</span> <span class='ocrx_word' id='word_1_240' title='bbox 1889 1419 2001 1443; x_wconf 62' lang='lat' dir='ltr'>exeerb.</span> 
     </span>
     <span class='ocr_line' id='line_1_22' title="bbox 381 1463 2000 1508; baseline 0.001 -13"><span class='ocrx_word' id='word_1_241' title='bbox 381 1475 456 1507; x_wconf 83' lang='lat' dir='ltr'>pere</span> <span class='ocrx_word' id='word_1_242' title='bbox 484 1463 604 1506; x_wconf 86' lang='lat' dir='ltr'>placet,</span> <span class='ocrx_word' id='word_1_243' title='bbox 642 1475 683 1496; x_wconf 90' lang='lat' dir='ltr'>ex</span> <span class='ocrx_word' id='word_1_244' title='bbox 714 1464 829 1507; x_wconf 87' lang='lat' dir='ltr'>quibus</span> <span class='ocrx_word' id='word_1_245' title='bbox 861 1471 1084 1507; x_wconf 83' lang='lat' dir='ltr'>argumentum</span> <span class='ocrx_word' id='word_1_246' title='bbox 1116 1471 1148 1497; x_wconf 90' lang='lat' dir='ltr'>et</span> <span class='ocrx_word' id='word_1_247' title='bbox 1176 1464 1302 1497; x_wconf 86' lang='lat' dir='ltr'>indoles</span> <span class='ocrx_word' id='word_1_248' title='bbox 1329 1466 1405 1497; x_wconf 86' lang='lat' dir='ltr'>novi</span> <span class='ocrx_word' id='word_1_249' title='bbox 1426 1466 1549 1497; x_wconf 85' lang='lat' dir='ltr'>inventi</span> <span class='ocrx_word' id='word_1_250' title='bbox 1570 1465 1760 1498; x_wconf 83' lang='lat' dir='ltr'>cumulatius</span> <span class='ocrx_word' id='word_1_251' title='bbox 1783 1466 2000 1508; x_wconf 79' lang='lat' dir='ltr'>perspiciatur.</span> 
     </span>
     <span class='ocr_line' id='line_1_23' title="bbox 380 1519 2000 1564; baseline 0.002 -12"><span class='ocrx_word' id='word_1_252' title='bbox 380 1519 529 1562; x_wconf 80' lang='lat' dir='ltr'>Quinque</span> <span class='ocrx_word' id='word_1_253' title='bbox 563 1521 659 1562; x_wconf 87' lang='lat' dir='ltr'>igitur</span> <span class='ocrx_word' id='word_1_254' title='bbox 686 1520 778 1552; x_wconf 89' lang='lat' dir='ltr'>libris</span> <span class='ocrx_word' id='word_1_255' title='bbox 807 1520 967 1563; x_wconf 86' lang='lat' dir='ltr'>prioribus</span> <span class='ocrx_word' id='word_1_256' title='bbox 998 1519 1154 1554; x_wconf 76' lang='lat' dir='ltr'>Eumelus</span> <span class='ocrx_word' id='word_1_257' title='bbox 1186 1522 1225 1553; x_wconf 90' lang='lat' dir='ltr'>de</span> <span class='ocrx_word' id='word_1_258' title='bbox 1255 1521 1362 1563; x_wconf 83' lang='lat' dir='ltr'>Libya</span> <span class='ocrx_word' id='word_1_259' title='bbox 1384 1522 1517 1564; x_wconf 84' lang='lat' dir='ltr'>eiusque</span> <span class='ocrx_word' id='word_1_260' title='bbox 1539 1532 1616 1564; x_wconf 85' lang='lat' dir='ltr'>rege</span> <span class='ocrx_word' id='word_1_261' title='bbox 1636 1521 1878 1562; x_wconf 72' lang='lat' dir='ltr'>Atlante-(II)</span> <span class='ocrx_word' id='word_1_262' title='bbox 1899 1521 2000 1556; x_wconf 68' lang='lat' dir='ltr'>diuo.-</span> 
     </span>
     <span class='ocr_line' id='line_1_24' title="bbox 380 1575 2000 1620; baseline 0.001 -12"><span class='ocrx_word' id='word_1_263' title='bbox 380 1584 506 1609; x_wconf 85' lang='lat' dir='ltr'>ruerat:</span> <span class='ocrx_word' id='word_1_264' title='bbox 548 1577 631 1619; x_wconf 86' lang='lat' dir='ltr'>quod</span> <span class='ocrx_word' id='word_1_265' title='bbox 668 1577 794 1619; x_wconf 88' lang='lat' dir='ltr'>quidem</span> <span class='ocrx_word' id='word_1_266' title='bbox 833 1583 1055 1619; x_wconf 87' lang='lat' dir='ltr'>argumentum</span> <span class='ocrx_word' id='word_1_267' title='bbox 1091 1578 1291 1620; x_wconf 84' lang='lat' dir='ltr'>persequitur</span> <span class='ocrx_word' id='word_1_268' title='bbox 1325 1576 1408 1609; x_wconf 89' lang='lat' dir='ltr'>libro</span> <span class='ocrx_word' id='word_1_269' title='bbox 1441 1584 1554 1616; x_wconf 82' lang='lat' dir='ltr'>sexto,</span> <span class='ocrx_word' id='word_1_270' title='bbox 1590 1578 1630 1609; x_wconf 88' lang='lat' dir='ltr'>ad</span> <span class='ocrx_word' id='word_1_271' title='bbox 1667 1577 1839 1610; x_wconf 83' lang='lat' dir='ltr'>Atlantidis</span> <span class='ocrx_word' id='word_1_272' title='bbox 1858 1575 2000 1613; x_wconf 66' lang='lat' dir='ltr'>‚imulas</span> 
     </span>
     <span class='ocr_line' id='line_1_25' title="bbox 380 1632 2002 1676; baseline 0.001 -12"><span class='ocrx_word' id='word_1_273' title='bbox 380 1632 545 1664; x_wconf 85' lang='lat' dir='ltr'>historiam</span> <span class='ocrx_word' id='word_1_274' title='bbox 577 1639 610 1664; x_wconf 92' lang='lat' dir='ltr'>et</span> <span class='ocrx_word' id='word_1_275' title='bbox 636 1633 891 1665; x_wconf 84' lang='lat' dir='ltr'>submersionem</span> <span class='ocrx_word' id='word_1_276' title='bbox 921 1643 1108 1665; x_wconf 86' lang='lat' dir='ltr'>excurrens.</span> <span class='ocrx_word' id='word_1_277' title='bbox 1161 1632 1255 1664; x_wconf 87' lang='lat' dir='ltr'>Hanc</span> <span class='ocrx_word' id='word_1_278' title='bbox 1284 1634 1371 1665; x_wconf 91' lang='lat' dir='ltr'>enim</span> <span class='ocrx_word' id='word_1_279' title='bbox 1398 1643 1492 1676; x_wconf 85' lang='lat' dir='ltr'>reges</span> <span class='ocrx_word' id='word_1_280' title='bbox 1513 1632 1589 1665; x_wconf 92' lang='lat' dir='ltr'>olim</span> <span class='ocrx_word' id='word_1_281' title='bbox 1614 1632 1795 1666; x_wconf 86' lang='lat' dir='ltr'>habuerunt</span> <span class='ocrx_word' id='word_1_282' title='bbox 1814 1633 1925 1666; x_wconf 83' lang='lat' dir='ltr'>decem</span> <span class='ocrx_word' id='word_1_283' title='bbox 1949 1634 2002 1675; x_wconf 80' lang='lat' dir='ltr'>[v.</span> 
     </span>
     <span class='ocr_line' id='line_1_26' title="bbox 382 1687 2001 1732; baseline 0.001 -12"><span class='ocrx_word' id='word_1_284' title='bbox 382 1688 461 1721; x_wconf 78' lang='lat' dir='ltr'>mat.</span> <span class='ocrx_word' id='word_1_285' title='bbox 479 1688 559 1721; x_wconf 91' lang='lat' dir='ltr'>Crit.</span> <span class='ocrx_word' id='word_1_286' title='bbox 576 1700 609 1732; x_wconf 88' lang='lat' dir='ltr'>p.</span> <span class='ocrx_word' id='word_1_287' title='bbox 627 1691 725 1731; x_wconf 76' lang='lat'>1141,</span> <span class='ocrx_word' id='word_1_288' title='bbox 748 1690 843 1721; x_wconf 83' lang='lat' dir='ltr'>unius</span> <span class='ocrx_word' id='word_1_289' title='bbox 865 1699 907 1721; x_wconf 90' lang='lat' dir='ltr'>ex</span> <span class='ocrx_word' id='word_1_290' title='bbox 928 1688 979 1720; x_wconf 90' lang='lat' dir='ltr'>his</span> <span class='ocrx_word' id='word_1_291' title='bbox 1002 1687 1089 1720; x_wconf 85' lang='lat' dir='ltr'>filius</span> <span class='ocrx_word' id='word_1_292' title='bbox 1109 1695 1178 1720; x_wconf 86' lang='lat' dir='ltr'>erat</span> <span class='ocrx_word' id='word_1_293' title='bbox 1196 1687 1290 1721; x_wconf 87' lang='lat' dir='ltr'>Atlas</span> <span class='ocrx_word' id='word_1_294' title='bbox 1312 1690 1434 1727; x_wconf 87' lang='lat' dir='ltr'>minor,</span> <span class='ocrx_word' id='word_1_295' title='bbox 1471 1688 1567 1721; x_wconf 89' lang='lat' dir='ltr'>homo</span> <span class='ocrx_word' id='word_1_296' title='bbox 1590 1688 1682 1723; x_wconf 87' lang='lat' dir='ltr'>valde</span> <span class='ocrx_word' id='word_1_297' title='bbox 1704 1690 1816 1722; x_wconf 86' lang='lat' dir='ltr'>doctus</span> <span class='ocrx_word' id='word_1_298' title='bbox 1837 1696 1870 1722; x_wconf 89' lang='lat' dir='ltr'>et</span> <span class='ocrx_word' id='word_1_299' title='bbox 1891 1690 2001 1722; x_wconf 78' lang='lat' dir='ltr'>docto-</span> 
     </span>
     <span class='ocr_line' id='line_1_27' title="bbox 381 1743 2000 1793; baseline 0.001 -17"><span class='ocrx_word' id='word_1_300' title='bbox 381 1756 451 1776; x_wconf 89' lang='lat' dir='ltr'>rum</span> <span class='ocrx_word' id='word_1_301' title='bbox 474 1744 652 1777; x_wconf 84' lang='lat' dir='ltr'>familiaris.</span> <span class='ocrx_word' id='word_1_302' title='bbox 695 1744 726 1777; x_wconf 88' lang='lat' dir='ltr'>ls</span> <span class='ocrx_word' id='word_1_303' title='bbox 748 1756 790 1777; x_wconf 87' lang='lat' dir='ltr'>ex</span> <span class='ocrx_word' id='word_1_304' title='bbox 813 1745 925 1777; x_wconf 89' lang='lat' dir='ltr'>amicis</span> <span class='ocrx_word' id='word_1_305' title='bbox 939 1744 1018 1788; x_wconf 84' lang='lat' dir='ltr'>legit</span> <span class='ocrx_word' id='word_1_306' title='bbox 1030 1746 1216 1777; x_wconf 86' lang='lat' dir='ltr'>societatem</span> <span class='ocrx_word' id='word_1_307' title='bbox 1239 1743 1527 1788; x_wconf 85' lang='lat' dir='ltr'>philosophorum,</span> <span class='ocrx_word' id='word_1_308' title='bbox 1550 1746 1605 1788; x_wconf 87' lang='lat' dir='ltr'>qui</span> <span class='ocrx_word' id='word_1_309' title='bbox 1619 1744 1774 1777; x_wconf 84' lang='lat' dir='ltr'>Atlantici</span> <span class='ocrx_word' id='word_1_310' title='bbox 1791 1747 1894 1778; x_wconf 88' lang='lat' dir='ltr'>vocati</span> <span class='ocrx_word' id='word_1_311' title='bbox 1915 1751 2000 1793; x_wconf 53' lang='lat' dir='ltr'>sunt.</span> 
     </span>
     <span class='ocr_line' id='line_1_28' title="bbox 382 1794 2001 1845; baseline 0.002 -13"><span class='ocrx_word' id='word_1_312' title='bbox 382 1800 455 1839; x_wconf 89' lang='lat' dir='ltr'>„Ils</span> <span class='ocrx_word' id='word_1_313' title='bbox 478 1803 620 1833; x_wconf 84' lang='lat' dir='ltr'>vivoient</span> <span class='ocrx_word' id='word_1_314' title='bbox 642 1812 682 1834; x_wconf 79' lang='lat' dir='ltr'>en</span> <span class='ocrx_word' id='word_1_315' title='bbox 704 1801 942 1840; x_wconf 60' lang='lat' dir='ltr'>commentante,</span> <span class='ocrx_word' id='word_1_316' title='bbox 970 1809 1003 1834; x_wconf 86' lang='lat' dir='ltr'>et</span> <span class='ocrx_word' id='word_1_317' title='bbox 1021 1800 1091 1833; x_wconf 92' lang='lat' dir='ltr'>leur</span> <span class='ocrx_word' id='word_1_318' title='bbox 1115 1800 1293 1844; x_wconf 87' lang='lat' dir='ltr'>principale</span> <span class='ocrx_word' id='word_1_319' title='bbox 1310 1801 1450 1832; x_wconf 85' lang='lat' dir='ltr'>maxime</span> <span class='ocrx_word' id='word_1_320' title='bbox 1464 1800 1542 1832; x_wconf 76' lang='lat' dir='ltr'>etoit</span> <span class='ocrx_word' id='word_1_321' title='bbox 1558 1799 1639 1833; x_wconf 87' lang='lat' dir='ltr'>celle</span> <span class='ocrx_word' id='word_1_322' title='bbox 1653 1802 1693 1834; x_wconf 86' lang='lat' dir='ltr'>de</span> <span class='ocrx_word' id='word_1_323' title='bbox 1709 1812 1749 1833; x_wconf 87' lang='lat' dir='ltr'>ne</span> <span class='ocrx_word' id='word_1_324' title='bbox 1764 1802 1832 1833; x_wconf 90' lang='lat' dir='ltr'>rien</span> <span class='ocrx_word' id='word_1_325' title='bbox 1845 1794 2001 1845; x_wconf 63' lang='lat' dir='ltr'>possedeo·</span> 
     </span>
     <span class='ocr_line' id='line_1_29' title="bbox 383 1854 2000 1901; baseline 0.002 -14"><span class='ocrx_word' id='word_1_326' title='bbox 383 1867 423 1888; x_wconf 82' lang='lat' dir='ltr'>en</span> <span class='ocrx_word' id='word_1_327' title='bbox 439 1867 580 1899; x_wconf 82' lang='lat' dir='ltr'>propre,</span> <span class='ocrx_word' id='word_1_328' title='bbox 605 1869 669 1900; x_wconf 74' lang='lat' dir='ltr'>par</span> <span class='ocrx_word' id='word_1_329' title='bbox 690 1859 787 1890; x_wconf 60' lang='lat' dir='ltr'>mine</span> <span class='ocrx_word' id='word_1_330' title='bbox 809 1859 856 1890; x_wconf 83' lang='lat' dir='ltr'>Ier</span> <span class='ocrx_word' id='word_1_331' title='bbox 873 1857 1010 1897; x_wconf 67' lang='lat' dir='ltr'>fenster</span> <span class='ocrx_word' id='word_1_332' title='bbox 1033 1880 1040 1887; x_wconf 95' lang='lat'>.</span> <span class='ocrx_word' id='word_1_333' title='bbox 1131 1881 1139 1888; x_wconf 92' lang='lat'><em>.</em></span> <span class='ocrx_word' id='word_1_334' title='bbox 1162 1857 1203 1889; x_wconf 92' lang='lat' dir='ltr'>ils</span> <span class='ocrx_word' id='word_1_335' title='bbox 1225 1858 1405 1899; x_wconf 86' lang='lat' dir='ltr'>ajoutoient</span> <span class='ocrx_word' id='word_1_336' title='bbox 1426 1868 1486 1899; x_wconf 87' lang='lat' dir='ltr'>que</span> <span class='ocrx_word' id='word_1_337' title='bbox 1508 1856 1539 1888; x_wconf 92' lang='lat' dir='ltr'>le</span> <span class='ocrx_word' id='word_1_338' title='bbox 1562 1859 1721 1901; x_wconf 87' lang='lat' dir='ltr'>mariage,</span> <span class='ocrx_word' id='word_1_339' title='bbox 1751 1859 1919 1890; x_wconf 76' lang='lat' dir='ltr'>instituant</span> <span class='ocrx_word' id='word_1_340' title='bbox 1938 1854 2000 1893; x_wconf 77' lang='lat' dir='ltr'>une</span> 
     </span>
     <span class='ocr_line' id='line_1_30' title="bbox 383 1908 2002 1957; baseline 0.002 -14"><span class='ocrx_word' id='word_1_341' title='bbox 383 1912 540 1954; x_wconf 72' lang='lat' dir='ltr'>propriete</span> <span class='ocrx_word' id='word_1_342' title='bbox 562 1913 748 1956; x_wconf 75' lang='lat' dir='ltr'>reciproque</span> <span class='ocrx_word' id='word_1_343' title='bbox 772 1914 849 1945; x_wconf 72' lang='lat' dir='ltr'>etoit</span> <span class='ocrx_word' id='word_1_344' title='bbox 871 1915 1028 1946; x_wconf 86' lang='lat' dir='ltr'>contraire</span> <span class='ocrx_word' id='word_1_345' title='bbox 1050 1914 1070 1945; x_wconf 76' lang='lat' dir='ltr'>a</span> <span class='ocrx_word' id='word_1_346' title='bbox 1092 1912 1164 1946; x_wconf 87' lang='lat' dir='ltr'>leur</span> <span class='ocrx_word' id='word_1_347' title='bbox 1184 1915 1323 1946; x_wconf 84' lang='lat' dir='ltr'>maxime</span> <span class='ocrx_word' id='word_1_348' title='bbox 1343 1913 1601 1952; x_wconf 78' lang='lat' dir='ltr'>fondamentale‚</span> <span class='ocrx_word' id='word_1_349' title='bbox 1631 1913 1673 1946; x_wconf 82' lang='lat' dir='ltr'>de</span> <span class='ocrx_word' id='word_1_350' title='bbox 1694 1924 1737 1945; x_wconf 79' lang='lat' dir='ltr'>ne</span> <span class='ocrx_word' id='word_1_351' title='bbox 1754 1917 1827 1946; x_wconf 74' lang='lat' dir='ltr'>rien</span> <span class='ocrx_word' id='word_1_352' title='bbox 1842 1908 2002 1957; x_wconf 50' lang='lat' dir='ltr'>‘ponbder</span> 
     </span>
     <span class='ocr_line' id='line_1_31' title="bbox 384 1968 2001 2013; baseline 0.002 -14"><span class='ocrx_word' id='word_1_353' title='bbox 384 1978 424 2000; x_wconf 82' lang='lat' dir='ltr'>en</span> <span class='ocrx_word' id='word_1_354' title='bbox 441 1978 584 2011; x_wconf 78' lang='lat' dir='ltr'>propre,</span> <span class='ocrx_word' id='word_1_355' title='bbox 617 1974 650 2001; x_wconf 81' lang='lat' dir='ltr'>et</span> <span class='ocrx_word' id='word_1_356' title='bbox 671 1970 712 2000; x_wconf 84' lang='lat' dir='ltr'>de</span> <span class='ocrx_word' id='word_1_357' title='bbox 734 1973 826 2001; x_wconf 72' lang='lat' dir='ltr'>vivre</span> <span class='ocrx_word' id='word_1_358' title='bbox 848 1980 889 2001; x_wconf 80' lang='lat' dir='ltr'>en</span> <span class='ocrx_word' id='word_1_359' title='bbox 911 1970 1131 2002; x_wconf 67' lang='lat' dir='ltr'>connunaute&#39;</span> <span class='ocrx_word' id='word_1_360' title='bbox 1151 1970 1325 2013; x_wconf 62' lang='lat' dir='ltr'>gisen-ale,</span> <span class='ocrx_word' id='word_1_361' title='bbox 1353 1969 1496 2011; x_wconf 88' lang='lat' dir='ltr'>principe</span> <span class='ocrx_word' id='word_1_362' title='bbox 1517 1968 1635 2012; x_wconf 88' lang='lat' dir='ltr'>duquel</span> <span class='ocrx_word' id='word_1_363' title='bbox 1658 1968 1696 2002; x_wconf 90' lang='lat' dir='ltr'>ils</span> <span class='ocrx_word' id='word_1_364' title='bbox 1713 1970 1863 2002; x_wconf 82' lang='lat' dir='ltr'>faisoient</span> <span class='ocrx_word' id='word_1_365' title='bbox 1874 1969 2001 2002; x_wconf 75' lang='lat' dir='ltr'>derivet</span> 
     </span>
     <span class='ocr_line' id='line_1_32' title="bbox 384 2023 2000 2068; baseline 0.001 -12"><span class='ocrx_word' id='word_1_366' title='bbox 384 2029 475 2056; x_wconf 79' lang='lat' dir='ltr'>toute</span> <span class='ocrx_word' id='word_1_367' title='bbox 496 2026 568 2056; x_wconf 83' lang='lat' dir='ltr'>leur</span> <span class='ocrx_word' id='word_1_368' title='bbox 589 2025 842 2067; x_wconf 67' lang='lat' dir='ltr'>inperturbable</span> <span class='ocrx_word' id='word_1_369' title='bbox 853 2026 994 2064; x_wconf 58' lang='lat' dir='ltr'>felicit&amp;</span> <span class='ocrx_word' id='word_1_370' title='bbox 1014 2027 1062 2066; x_wconf 89' lang='lat' dir='ltr'>[v.</span> <span class='ocrx_word' id='word_1_371' title='bbox 1077 2027 1173 2058; x_wconf 90' lang='lat' dir='ltr'>inscr.</span> <span class='ocrx_word' id='word_1_372' title='bbox 1190 2025 1336 2067; x_wconf 83' lang='lat' dir='ltr'>Cyren.].</span> <span class='ocrx_word' id='word_1_373' title='bbox 1380 2023 1484 2067; x_wconf 76' lang='lat' dir='ltr'>Apres</span> <span class='ocrx_word' id='word_1_374' title='bbox 1506 2035 1549 2056; x_wconf 89' lang='lat' dir='ltr'>un</span> <span class='ocrx_word' id='word_1_375' title='bbox 1570 2026 1672 2068; x_wconf 85' lang='lat' dir='ltr'>grand</span> <span class='ocrx_word' id='word_1_376' title='bbox 1695 2024 1827 2057; x_wconf 89' lang='lat' dir='ltr'>nombre</span> <span class='ocrx_word' id='word_1_377' title='bbox 1849 2025 2000 2058; x_wconf 75' lang='lat' dir='ltr'>d’annees</span> 
     </span>
     <span class='ocr_line' id='line_1_33' title="bbox 384 2080 2000 2124; baseline 0.001 -13"><span class='ocrx_word' id='word_1_378' title='bbox 384 2082 452 2112; x_wconf 87' lang='lat' dir='ltr'>vint</span> <span class='ocrx_word' id='word_1_379' title='bbox 473 2080 649 2123; x_wconf 77' lang='lat' dir='ltr'>Aristippo,</span> <span class='ocrx_word' id='word_1_380' title='bbox 679 2083 734 2124; x_wconf 87' lang='lat' dir='ltr'>qui</span> <span class='ocrx_word' id='word_1_381' title='bbox 757 2083 820 2124; x_wconf 88' lang='lat' dir='ltr'>prit</span> <span class='ocrx_word' id='word_1_382' title='bbox 841 2093 920 2124; x_wconf 87' lang='lat' dir='ltr'>pour</span> <span class='ocrx_word' id='word_1_383' title='bbox 943 2080 1019 2112; x_wconf 87' lang='lat' dir='ltr'>base</span> <span class='ocrx_word' id='word_1_384' title='bbox 1042 2080 1217 2124; x_wconf 85' lang='lat' dir='ltr'>principale</span> <span class='ocrx_word' id='word_1_385' title='bbox 1239 2080 1407 2113; x_wconf 88' lang='lat' dir='ltr'>d&#39;exclure</span> <span class='ocrx_word' id='word_1_386' title='bbox 1423 2089 1516 2124; x_wconf 82' lang='lat' dir='ltr'>toute</span> <span class='ocrx_word' id='word_1_387' title='bbox 1540 2081 1700 2124; x_wconf 73' lang='lat' dir='ltr'>propriete</span> <span class='ocrx_word' id='word_1_388' title='bbox 1719 2082 1777 2114; x_wconf 87' lang='lat' dir='ltr'>des</span> <span class='ocrx_word' id='word_1_389' title='bbox 1798 2081 1891 2114; x_wconf 87' lang='lat' dir='ltr'>biens</span> <span class='ocrx_word' id='word_1_390' title='bbox 1913 2085 2000 2114; x_wconf 88' lang='lat' dir='ltr'>cet.“</span> 
     </span>
     <span class='ocr_line' id='line_1_34' title="bbox 383 2135 1999 2181; baseline 0.001 -13"><span class='ocrx_word' id='word_1_391' title='bbox 383 2136 475 2169; x_wconf 88' lang='lat' dir='ltr'>Atlas</span> <span class='ocrx_word' id='word_1_392' title='bbox 507 2144 612 2169; x_wconf 86' lang='lat' dir='ltr'>autem</span> <span class='ocrx_word' id='word_1_393' title='bbox 643 2139 800 2170; x_wconf 86' lang='lat' dir='ltr'>secundus</span> <span class='ocrx_word' id='word_1_394' title='bbox 830 2136 1006 2180; x_wconf 89' lang='lat' dir='ltr'>discipulus</span> <span class='ocrx_word' id='word_1_395' title='bbox 1035 2138 1096 2170; x_wconf 80' lang='lat' dir='ltr'>fuit</span> <span class='ocrx_word' id='word_1_396' title='bbox 1125 2137 1222 2177; x_wconf 89' lang='lat' dir='ltr'>Nini,</span> <span class='ocrx_word' id='word_1_397' title='bbox 1258 2144 1330 2180; x_wconf 88' lang='lat' dir='ltr'>post</span> <span class='ocrx_word' id='word_1_398' title='bbox 1357 2136 1556 2179; x_wconf 85' lang='lat' dir='ltr'>Babyloniae</span> <span class='ocrx_word' id='word_1_399' title='bbox 1582 2139 1689 2180; x_wconf 86' lang='lat' dir='ltr'>regis,</span> <span class='ocrx_word' id='word_1_400' title='bbox 1722 2135 1828 2170; x_wconf 85' lang='lat' dir='ltr'>Ninus</span> <span class='ocrx_word' id='word_1_401' title='bbox 1850 2137 1999 2181; x_wconf 84' lang='lat' dir='ltr'>Ogygem</span> 
     </span>
     <span class='ocr_line' id='line_1_35' title="bbox 385 2192 1999 2238; baseline 0.001 -13"><span class='ocrx_word' id='word_1_402' title='bbox 385 2199 533 2236; x_wconf 88' lang='lat' dir='ltr'>patruum</span> <span class='ocrx_word' id='word_1_403' title='bbox 554 2192 682 2231; x_wconf 85' lang='lat' dir='ltr'>babuit,</span> <span class='ocrx_word' id='word_1_404' title='bbox 707 2193 851 2225; x_wconf 87' lang='lat' dir='ltr'>ultimum</span> <span class='ocrx_word' id='word_1_405' title='bbox 872 2193 1045 2226; x_wconf 88' lang='lat' dir='ltr'>Atlantidis</span> <span class='ocrx_word' id='word_1_406' title='bbox 1067 2205 1191 2238; x_wconf 84' lang='lat' dir='ltr'>regem:</span> <span class='ocrx_word' id='word_1_407' title='bbox 1220 2205 1283 2236; x_wconf 86' lang='lat' dir='ltr'>quo</span> <span class='ocrx_word' id='word_1_408' title='bbox 1298 2201 1452 2237; x_wconf 86' lang='lat' dir='ltr'>regnante</span> <span class='ocrx_word' id='word_1_409' title='bbox 1467 2204 1562 2236; x_wconf 87' lang='lat' dir='ltr'>quum</span> <span class='ocrx_word' id='word_1_410' title='bbox 1577 2194 1835 2237; x_wconf 84' lang='lat' dir='ltr'>submergeretur</span> <span class='ocrx_word' id='word_1_411' title='bbox 1845 2193 1999 2233; x_wconf 84' lang='lat' dir='ltr'>Atlantis,</span> 
     </span>
    </p>
   </div>
   <div class='ocr_carea' id='block_1_3' title="bbox 438 2308 2062 2345">
    <p class='ocr_par' dir='ltr' id='par_1_4' title="bbox 438 2308 2062 2345">
     <span class='ocr_line' id='line_1_36' title="bbox 438 2308 2062 2345; baseline 0.001 -10"><span class='ocrx_word' id='word_1_412' title='bbox 438 2309 466 2342; x_wconf 73' lang='lat'>⁸)</span> <span class='ocrx_word' id='word_1_413' title='bbox 491 2308 581 2335; x_wconf 86' lang='lat' dir='ltr'>Unum</span> <span class='ocrx_word' id='word_1_414' title='bbox 607 2309 705 2335; x_wconf 84' lang='lat' dir='ltr'>addere</span> <span class='ocrx_word' id='word_1_415' title='bbox 724 2309 815 2342; x_wconf 83' lang='lat' dir='ltr'>iuvat,</span> <span class='ocrx_word' id='word_1_416' title='bbox 843 2310 882 2335; x_wconf 83' lang='lat' dir='ltr'>iu.</span> <span class='ocrx_word' id='word_1_417' title='bbox 900 2310 1102 2343; x_wconf 81' lang='lat' dir='ltr'>Marchionern,</span> <span class='ocrx_word' id='word_1_418' title='bbox 1131 2315 1161 2336; x_wconf 83' lang='lat' dir='ltr'>ut</span> <span class='ocrx_word' id='word_1_419' title='bbox 1227 2309 1299 2336; x_wconf 65' lang='lat' dir='ltr'>aeri·</span> <span class='ocrx_word' id='word_1_420' title='bbox 1316 2314 1389 2336; x_wconf 80' lang='lat' dir='ltr'>tactu</span> <span class='ocrx_word' id='word_1_421' title='bbox 1409 2318 1497 2344; x_wconf 82' lang='lat' dir='ltr'>paene</span> <span class='ocrx_word' id='word_1_422' title='bbox 1514 2309 1542 2335; x_wconf 81' lang='lat' dir='ltr'>in</span> <span class='ocrx_word' id='word_1_423' title='bbox 1561 2317 1595 2336; x_wconf 84' lang='lat' dir='ltr'>eo</span> <span class='ocrx_word' id='word_1_424' title='bbox 1608 2318 1682 2342; x_wconf 78' lang='lat' dir='ltr'>esse,</span> <span class='ocrx_word' id='word_1_425' title='bbox 1705 2314 1735 2336; x_wconf 84' lang='lat' dir='ltr'>ut</span> <span class='ocrx_word' id='word_1_426' title='bbox 1749 2309 1912 2337; x_wconf 78' lang='lat' dir='ltr'>dissolvatur</span> <span class='ocrx_word' id='word_1_427' title='bbox 1922 2314 2001 2345; x_wconf 75' lang='lat' dir='ltr'>atque</span> <span class='ocrx_word' id='word_1_428' title='bbox 2058 2324 2062 2331; x_wconf 85' lang='lat'>·</span> 
     </span>
    </p>
   </div>
   <div class='ocr_carea' id='block_1_4' title="bbox 385 2356 2000 2495">
    <p class='ocr_par' dir='ltr' id='par_1_5' title="bbox 385 2356 2000 2495">
     <span class='ocr_line' id='line_1_37' title="bbox 387 2356 2000 2393; baseline -0.001 -8"><span class='ocrx_word' id='word_1_429' title='bbox 387 2358 557 2392; x_wconf 83' lang='lat' dir='ltr'>accepimus,</span> <span class='ocrx_word' id='word_1_430' title='bbox 577 2366 661 2391; x_wconf 86' lang='lat' dir='ltr'>nuper</span> <span class='ocrx_word' id='word_1_431' title='bbox 679 2356 766 2382; x_wconf 79' lang='lat' dir='ltr'>virum</span> <span class='ocrx_word' id='word_1_432' title='bbox 785 2358 915 2390; x_wconf 69' lang='lat' dir='ltr'>(piendam</span> <span class='ocrx_word' id='word_1_433' title='bbox 926 2359 1033 2384; x_wconf 87' lang='lat' dir='ltr'>doctum</span> <span class='ocrx_word' id='word_1_434' title='bbox 1048 2359 1075 2384; x_wconf 88' lang='lat' dir='ltr'>in</span> <span class='ocrx_word' id='word_1_435' title='bbox 1093 2358 1162 2384; x_wconf 82' lang='lat' dir='ltr'>Ger·</span> <span class='ocrx_word' id='word_1_436' title='bbox 1227 2357 1373 2384; x_wconf 70' lang='lat' dir='ltr'>dilabatur:</span> <span class='ocrx_word' id='word_1_437' title='bbox 1393 2359 1431 2384; x_wconf 74' lang='lat' dir='ltr'>his</span> <span class='ocrx_word' id='word_1_438' title='bbox 1446 2360 1531 2391; x_wconf 71' lang='lat' dir='ltr'>igitur,</span> <span class='ocrx_word' id='word_1_439' title='bbox 1552 2360 1595 2393; x_wconf 76' lang='lat' dir='ltr'>qui</span> <span class='ocrx_word' id='word_1_440' title='bbox 1608 2359 1685 2384; x_wconf 72' lang='grc' dir='ltr'><strong><em>οσιιιίσ</em></strong></span> <span class='ocrx_word' id='word_1_441' title='bbox 1694 2357 1765 2390; x_wconf 73' lang='lat' dir='ltr'>sorte</span> <span class='ocrx_word' id='word_1_442' title='bbox 1778 2367 1902 2392; x_wconf 76' lang='lat' dir='ltr'>usurpare</span> <span class='ocrx_word' id='word_1_443' title='bbox 1915 2361 2000 2393; x_wconf 71' lang='lat' dir='ltr'>velint,</span> 
     </span>
     <span class='ocr_line' id='line_1_38' title="bbox 386 2405 1740 2440; baseline -0.001 -7"><span class='ocrx_word' id='word_1_444' title='bbox 386 2406 474 2433; x_wconf 83' lang='lat' dir='ltr'>mania</span> <span class='ocrx_word' id='word_1_445' title='bbox 491 2414 540 2440; x_wconf 86' lang='lat' dir='ltr'>per</span> <span class='ocrx_word' id='word_1_446' title='bbox 555 2405 658 2431; x_wconf 83' lang='lat' dir='ltr'>litteras</span> <span class='ocrx_word' id='word_1_447' title='bbox 674 2405 816 2431; x_wconf 79' lang='lat' dir='ltr'>certiorem</span> <span class='ocrx_word' id='word_1_448' title='bbox 834 2405 932 2431; x_wconf 78' lang='lat' dir='ltr'>fecisse</span> <span class='ocrx_word' id='word_1_449' title='bbox 942 2426 950 2438; x_wconf 89' lang='lat'>‚</span> <span class='ocrx_word' id='word_1_450' title='bbox 969 2407 1096 2432; x_wconf 84' lang='lat' dir='ltr'>eximium</span> <span class='ocrx_word' id='word_1_451' title='bbox 1108 2408 1161 2432; x_wconf 85' lang='lat' dir='ltr'>hoc</span> <span class='ocrx_word' id='word_1_452' title='bbox 1223 2405 1395 2438; x_wconf 69' lang='lat' dir='ltr'>festinandum</span> <span class='ocrx_word' id='word_1_453' title='bbox 1412 2416 1479 2439; x_wconf 73' lang='lat' dir='ltr'>esse,</span> <span class='ocrx_word' id='word_1_454' title='bbox 1501 2416 1533 2432; x_wconf 80' lang='lat' dir='ltr'>ne</span> <span class='ocrx_word' id='word_1_455' title='bbox 1549 2415 1604 2432; x_wconf 76' lang='lat' dir='ltr'>sero</span> <span class='ocrx_word' id='word_1_456' title='bbox 1621 2407 1740 2431; x_wconf 70' lang='lat' dir='ltr'>veniant!</span> 
     </span>
     <span class='ocr_line' id='line_1_39' title="bbox 385 2450 2000 2495; baseline 0.001 -14"><span class='ocrx_word' id='word_1_457' title='bbox 385 2460 474 2481; x_wconf 82' lang='lat' dir='ltr'>tantae</span> <span class='ocrx_word' id='word_1_458' title='bbox 492 2454 654 2489; x_wconf 81' lang='lat' dir='ltr'>antiquitatis</span> <span class='ocrx_word' id='word_1_459' title='bbox 671 2457 871 2479; x_wconf 83' lang='lat' dir='ltr'>monumentum</span> <span class='ocrx_word' id='word_1_460' title='bbox 890 2454 982 2487; x_wconf 86' lang='lat' dir='ltr'>(quod</span> <span class='ocrx_word' id='word_1_461' title='bbox 996 2463 1076 2487; x_wconf 84' lang='lat' dir='ltr'>quum</span> <span class='ocrx_word' id='word_1_462' title='bbox 1091 2455 1159 2480; x_wconf 79' lang='lat' dir='ltr'>effo-</span> <span class='ocrx_word' id='word_1_463' title='bbox 1178 2450 1181 2452; x_wconf 48' lang='grc'><strong><em>’</em></strong></span> <span class='ocrx_word' id='word_1_464' title='bbox 1281 2455 1323 2495; x_wconf 38' lang='grc' dir='ltr'>ᾗ)</span> <span class='ocrx_word' id='word_1_465' title='bbox 1342 2455 1463 2487; x_wconf 70' lang='lat' dir='ltr'>„Bonus</span> <span class='ocrx_word' id='word_1_466' title='bbox 1482 2454 1526 2480; x_wconf 68' lang='lat' dir='ltr'>vir</span> <span class='ocrx_word' id='word_1_467' title='bbox 1543 2454 1667 2480; x_wconf 82' lang='lat' dir='ltr'>volebat:</span> <span class='ocrx_word' id='word_1_468' title='bbox 1696 2450 1824 2486; x_wconf 73' lang='grc' dir='ltr'><strong><em>Εὖμᾰλον</em></strong></span> <span class='ocrx_word' id='word_1_469' title='bbox 1842 2455 2000 2488; x_wconf 67' lang='grc' dir='ltr'><strong><em>Κυρηναίου</em></strong></span> 
     </span>
    </p>
   </div>
   <div class='ocr_carea' id='block_1_5' title="bbox 385 2499 2000 2634">
    <p class='ocr_par' dir='ltr' id='par_1_6' title="bbox 385 2499 2000 2634">
     <span class='ocr_line' id='line_1_40' title="bbox 385 2499 2000 2539; baseline -0.001 -9"><span class='ocrx_word' id='word_1_470' title='bbox 385 2505 494 2530; x_wconf 86' lang='lat' dir='ltr'>deretur</span> <span class='ocrx_word' id='word_1_471' title='bbox 502 2515 517 2536; x_wconf 78' lang='lat'>‚·</span> <span class='ocrx_word' id='word_1_472' title='bbox 535 2502 664 2539; x_wconf 85' lang='lat' dir='ltr'>„egregie</span> <span class='ocrx_word' id='word_1_473' title='bbox 682 2501 891 2529; x_wconf 82' lang='lat' dir='ltr'>conservatum¹‘</span> <span class='ocrx_word' id='word_1_474' title='bbox 909 2502 1001 2532; x_wconf 81' lang='lat' dir='ltr'>erat),</span> <span class='ocrx_word' id='word_1_475' title='bbox 1020 2507 1157 2535; x_wconf 80' lang='lat' dir='ltr'>postquam</span> <span class='ocrx_word' id='word_1_476' title='bbox 1227 2499 1346 2535; x_wconf 66' lang='grc' dir='ltr'>ἱστορίας</span> <span class='ocrx_word' id='word_1_477' title='bbox 1368 2501 1497 2538; x_wconf 68' lang='grc' dir='ltr'>Λιβυκῆς</span> <span class='ocrx_word' id='word_1_478' title='bbox 1521 2506 1572 2528; x_wconf 87' lang='lat' dir='ltr'>cet.</span> <span class='ocrx_word' id='word_1_479' title='bbox 1604 2502 1651 2528; x_wconf 79' lang='lat' dir='ltr'>vel</span> <span class='ocrx_word' id='word_1_480' title='bbox 1681 2502 1769 2535; x_wconf 87' lang='lat' dir='ltr'>potius</span> <span class='ocrx_word' id='word_1_481' title='bbox 1798 2501 2000 2535; x_wconf 65' lang='lat' dir='ltr'>Kvpava&#39;csmi“</span> 
     </span>
     <span class='ocr_line' id='line_1_41' title="bbox 386 2549 1999 2586; baseline -0.001 -7"><span class='ocrx_word' id='word_1_482' title='bbox 386 2561 435 2586; x_wconf 85' lang='lat' dir='ltr'>per</span> <span class='ocrx_word' id='word_1_483' title='bbox 452 2557 491 2578; x_wconf 83' lang='lat' dir='ltr'>tot</span> <span class='ocrx_word' id='word_1_484' title='bbox 509 2552 600 2578; x_wconf 74' lang='lat' dir='ltr'>secula</span> <span class='ocrx_word' id='word_1_485' title='bbox 622 2550 652 2576; x_wconf 84' lang='lat' dir='ltr'>in</span> <span class='ocrx_word' id='word_1_486' title='bbox 668 2554 756 2576; x_wconf 80' lang='lat' dir='ltr'>terrae</span> <span class='ocrx_word' id='word_1_487' title='bbox 776 2549 877 2585; x_wconf 86' lang='lat' dir='ltr'>gremio</span> <span class='ocrx_word' id='word_1_488' title='bbox 898 2549 1056 2582; x_wconf 83' lang='lat' dir='ltr'>latitaverit,</span> <span class='ocrx_word' id='word_1_489' title='bbox 1087 2557 1158 2575; x_wconf 84' lang='lat' dir='ltr'>nunc</span> <span class='ocrx_word' id='word_1_490' title='bbox 1226 2549 1340 2575; x_wconf 84' lang='lat' dir='ltr'>Boeckh</span> <span class='ocrx_word' id='word_1_491' title='bbox 1361 2559 1388 2584; x_wconf 84' lang='lat' dir='ltr'>p.</span> <span class='ocrx_word' id='word_1_492' title='bbox 1411 2553 1443 2584; x_wconf 87' lang='grc'>7,</span> <span class='ocrx_word' id='word_1_493' title='bbox 1477 2558 1553 2584; x_wconf 83' lang='lat' dir='ltr'>quem</span> <span class='ocrx_word' id='word_1_494' title='bbox 1573 2549 1601 2575; x_wconf 89' lang='lat' dir='ltr'>in</span> <span class='ocrx_word' id='word_1_495' title='bbox 1619 2549 1745 2576; x_wconf 79' lang='lat' dir='ltr'>universa</span> <span class='ocrx_word' id='word_1_496' title='bbox 1763 2551 1813 2576; x_wconf 83' lang='lat' dir='ltr'>hac</span> <span class='ocrx_word' id='word_1_497' title='bbox 1836 2550 1869 2577; x_wconf 89' lang='lat' dir='ltr'>de</span> <span class='ocrx_word' id='word_1_498' title='bbox 1887 2551 1999 2577; x_wconf 84' lang='lat' dir='ltr'>Eumalo</span> 
     </span>
     <span class='ocr_line' id='line_1_42' title="bbox 386 2595 1759 2634; baseline -0.002 -7"><span class='ocrx_word' id='word_1_499' title='bbox 386 2602 459 2634; x_wconf 77' lang='lat' dir='ltr'>(po-u</span> <span class='ocrx_word' id='word_1_500' title='bbox 483 2601 619 2633; x_wconf 63' lang='lat' dir='ltr'>Boea-wi,</span> <span class='ocrx_word' id='word_1_501' title='bbox 650 2605 678 2624; x_wconf 76' lang='lat' dir='ltr'>ut</span> <span class='ocrx_word' id='word_1_502' title='bbox 702 2600 815 2632; x_wconf 70' lang='lat' dir='ltr'>videtur,</span> <span class='ocrx_word' id='word_1_503' title='bbox 845 2599 877 2624; x_wconf 76' lang='lat' dir='ltr'>de</span> <span class='ocrx_word' id='word_1_504' title='bbox 901 2607 931 2624; x_wconf 85' lang='lat' dir='ltr'>eo</span> <span class='ocrx_word' id='word_1_505' title='bbox 949 2596 1157 2632; x_wconf 74' lang='lat' dir='ltr'>disputationem)</span> <span class='ocrx_word' id='word_1_506' title='bbox 1226 2598 1380 2625; x_wconf 76' lang='lat' dir='ltr'>nmatione</span> <span class='ocrx_word' id='word_1_507' title='bbox 1397 2605 1504 2632; x_wconf 79' lang='lat' dir='ltr'>sequor.</span> <span class='ocrx_word' id='word_1_508' title='bbox 1756 2595 1759 2597; x_wconf 36' lang='grc'><strong>“</strong></span> 
     </span>
    </p>
   </div>
   <div class='ocr_carea' id='block_1_6' title="bbox 2197 2113 2242 2976">
    <p class='ocr_par' dir='ltr' id='par_1_7' title="bbox 2197 2113 2242 2976">
     <span class='ocr_line' id='line_1_43' title="bbox 2197 2113 2242 2976; baseline 0 0"><span class='ocrx_word' id='word_1_509' title='bbox 2197 2113 2242 2976; x_wconf 95' lang='lat' dir='ltr'> </span> 
     </span>
    </p>
   </div>
  </div>
 </body>
</html>
