2242 2976
539 298 613 331 UBI
637 298 694 331 ET
718 298 909 337 QUANDO
934 298 1187 331 PHOENJCIIS
1208 298 1413 332 Ll'r'rssms
1436 298 1508 333 USI
1531 299 1643 332 SINT.
1854 304 1896 339 11

277 398 398 426 matum
421 391 486 424 fide
506 393 567 424 iste
587 391 759 425 Semiticae
781 392 916 435 linguae
942 403 1019 424 usus
1049 393 1089 424 ad
1112 392 1215 425 solam
1238 392 1383 425 Ciliciam
1411 393 1605 426 referendus.
1628 393 1763 426 videtur.
1808 392 1899 431 Quae

277 450 365 481 enim
387 456 556 491 supersunt
585 450 818 491 cappadocieae
844 448 974 491 linguae
996 450 1040 492 (v.
1070 449 1186 481 Strabo
1216 448 1284 481 XII
1314 450 1394 490 init.)
1424 451 1572 493 vestigia,
1601 449 1654 481 vel
1682 451 1827 492 persicae
1849 449 1901 482 vel

272 505 401 547 ignotae
424 506 562 548 originis
581 512 655 537 sunt
667 508 715 547 ἢ,
746 513 778 537 et
806 507 842 537 in·
870 506 976 537 aunis
1007 505 1104 538 Sidae
1126 511 1221 548 atque
1244 504 1450 546 Celenderis,
1481 506 1686 550 Pamphyliae
1708 514 1740 538 et
1763 505 1900 538 Ciliciae

274 561 482 593 occidentalis
508 561 652 600 urbium,
682 561 882 594 characteres
912 569 1082 604 apparent,
1114 561 1298 604 phoeniciis
1323 563 1450 605 quidem
1478 563 1617 602 similes,
1640 563 1720 596 sed>
1736 573 1799 595 non
1824 574 1900 595 vere

274 616 373 656 sales,
402 617 567 650 veteribus.
583 620 716 660 persicis
738 619 778 660 (v.
796 620 824 656 5.
842 617 897 660 50)
920 619 1029 660 potius
1049 619 1275 661 comparandi,
1306 630 1384 661 quos
1407 627 1495 652 recte
1514 620 1716 661 interpretati
1737 619 1900 662 hucusque

277 675 399 706 nemini
424 675 557 716 contigit
578 675 624 715 (v.
646 673 702 706 lib.
726 673 792 712 ΙΙΙ,
815 685 886 716 cap.
909 678 929 706 2
950 673 1033 716 fin.).
1077 674 1154 717 lpse
1172 682 1278 707 autem
1299 674 1435 708 Ciliciae
1456 683 1663 709 monumenta
1685 677 1707 708 i.
1728 687 1757 708 er
1781 677 1901 709 numis-

274 737 362 762 mata
382 729 561 772 phoeniciis
579 730 694 763 litteris
715 732 866 773 inscripta
892 731 935 772 (v.
954 731 1010 763 lib.
1033 730 1098 770 ΙΙΙ,
1123 742 1191 773 cap.
1211 732 1243 773 2)
1272 740 1404 774 propter
1426 734 1567 765 rationes
1589 733 1675 764 infra
1694 733 1900 774 exponendas

276 787 316 818 ad
338 786 500 818 Persicam
530 793 669 819 aetatem
693 790 852 830 pertinere
884 789 1032 820 videntur
1054 790 1181 826 omnia,
1211 789 1346 831 ideoque
1379 789 1492 821 horum
1516 796 1794 822 monumentorum
1817 790 1901 822 anti-

275 843 431 884 quissima
451 851 543 883 sunt,
575 844 658 886 quod
688 846 791 887 ipsum
821 844 999 877 litterarum
1027 845 1140 876 ductus
1164 852 1303 887 arguunt
1334 845 1376 888 (v.
1399 846 1440 878 ad
1463 846 1542 878 Sain
1562 847 1591 884 §-
1615 846 1689 888 18),
1720 857 1901 888 quanquam

275 897 422 930 nonnulli
444 900 484 931 ad
504 911 676 932 a-ramaeae
692 903 870 944 scripturae
885 903 1042 933 rationem
1059 900 1241 932 deflectunt.
1284 901 1382 939 Quod.
1396 913 1476 934 vero
1489 904 1620 934 nomina
1633 904 1761 945 propria
1774 903 1900 935 urbium

275 954 455 986 domestica
471 957 511 987 in
529 955 580 988 his
603 958 740 989 numnis
764 958 880 996 obvia,
904 964 942 989 ut
962 959 1079 995 ¹:³35,
1098 958 1245 1000 Ἱὲῦὲυὲ,
1267 957 1364 999 plane
1386 966 1593 997 evanuerunt,
1617 959 1714 990 huius
1736 960 1783 990 rei
1805 969 1902 990 eausa

277 1011 312 1042 in
335 1021 376 1042 eo
399 1013 580 1052 quaerenda
602 1014 747 1051 videtur„
776 1014 860 1056 quod
891 1013 1079 1056 phoeniciae
1108 1012 1238 1056 linguae
1267 1025 1344 1046 usus
1375 1016 1408 1046 in
1436 1014 1497 1046 hac
1527 1016 1662 1057 regione
1691 1014 1799 1056 paullo
1830 1022 1902 1057 post

270 1065 451 1099 Alexandri
464 1067 578 1110 Magni
600 1074 744 1111 tempora
755 1069 895 1101 abolitus
909 1076 959 1101 est
972 1080 1171 1112 graecaeque
1188 1070 1297 1109 cessit,
1318 1081 1380 1112 quo
1395 1071 1514 1103 factum
1529 1078 1589 1110 est,
1612 1078 1647 1103 us
1660 1072 1757 1102 etiam
1771 1072 1902 1113 antiqua

274 1124 404 1155 nomina
428 1124 603 1156 domestica
623 1126 656 1156 in
680 1126 922 1172 desuetudinem
943 1132 975 1157 et
996 1125 1191 1158 oblivionem
1213 1125 1347 1158 abirent.

400 1183 430 1211 3.
474 1179 577 1212 Asiae
596 1183 744 1223 proxima
762 1182 896 1225 Cyprus,
920 1183 1009 1214 euius
1027 1181 1143 1214 multas
1156 1182 1266 1221 urbes,
1287 1189 1321 1214 ut
1335 1181 1467 1222 Citium,
1490 1194 1510 1215 a
1525 1182 1742 1215 Phoenicibus
1757 1184 1902 1215 conditas

274 1245 349 1268 esse
376 1237 480 1278 iisque
510 1239 657 1279 paruisse
686 1246 811 1270 constat
836 1239 879 1282 (v.
903 1238 959 1271 lib.
982 1238 1037 1277 ss,
1066 1250 1135 1281 cap.
1157 1239 1200 1280 3).
1245 1238 1319 1276 Quo
1346 1241 1500 1282 temporis
1528 1241 1631 1282 spatio
1658 1247 1811 1271 exaratae
1838 1241 1904 1271 sint

273 1293 498 1334 inscriptiones
522 1292 599 1325 illae
621 1294 778 1327 XXXIII
801 1306 843 1327 ex
865 1297 970 1327 ruinis
991 1296 1067 1328 Citii
1089 1302 1211 1334 erutae,
1233 1296 1273 1327 de
1297 1295 1414 1338 quibus
1434 1296 1520 1327 infra
1541 1295 1752 1339 disputabitur
1772 1295 1843 1334 (lib.
1859 1295 1901 1335 ΙΙ,

274 1358 344 1391 cap.
358 1348 403 1389 3),
426 1356 574 1380 accurate
587 1351 722 1382 indicari
737 1362 800 1382 non
812 1358 925 1393 potest.
970 1351 1123 1383 Notabile
1146 1358 1265 1390 tamen,
1289 1351 1410 1384 nullam
1434 1353 1467 1384 in
1491 1359 1579 1384 tanto
1593 1363 1727 1384 numero
1743 1359 1902 1394 repertam

274 1413 347 1435 esse
369 1403 562 1446 bilinguem,
587 1405 706 1437 nullam
730 1408 825 1438 etiarn
846 1418 994 1449 graecam
1010 1408 1253 1449 inscriptionem
1272 1409 1308 1440 in
1327 1409 1440 1440 eodem
1452 1408 1528 1441 loco
1545 1409 1697 1440 effossam
1714 1409 1901 1440 memorari:

275 1460 360 1492 unde
381 1466 468 1491 reete
490 1460 642 1503 colligas,
673 1472 730 1500 eo,
759 1473 822 1503 quo
850 1462 932 1494 haee
957 1470 1164 1494 monumenta
1192 1471 1326 1495 exarata
1346 1470 1441 1503 sunt,
1471 1470 1616 1507 tempore
1635 1465 1719 1507 apud
1743 1463 1902 1497 Citienses

273 1515 374 1548 solius
396 1515 589 1548 Phoeniciae
617 1516 750 1559 linguae
776 1529 868 1549 usam
898 1519 1058 1560 viguisse,
1086 1518 1121 1549 id
1148 1518 1231 1560 quod
1253 1518 1401 1561 longiore
1423 1526 1496 1561 post
1517 1519 1737 1551 Alexandrum
1760 1526 1902 1562 tempore

210 1571 213 1574 ’
274 1573 330 1604 vix
342 1572 459 1604 factum
477 1574 598 1605 credas.
643 1572 818 1606 Caeterum
837 1575 933 1606 etiam
956 1575 1149 1606 numismata
1163 1573 1259 1616 Cypri
1281 1585 1396 1618 graece
1418 1576 1570 1617 inscripta
1590 1576 1755 1608 rarissima
1776 1582 1851 1608 sunt
1871 1584 1903 1608 et

275 1639 423 1672 magnam
447 1636 568 1670 partem
591 1637 738 1672 suspecta
751 1631 803 1671 **).

401 1689 432 1716 4.
455 1683 548 1722 Quod
560 1688 655 1718 etiam
663 1686 808 1718 Athenis
823 1687 954 1718 inventa
967 1692 1042 1718 sunt
1056 1687 1119 1718 tria
1133 1696 1295 1718 marmora
1302 1686 1481 1728 Phoeniciis
1496 1686 1612 1719 litteris
1626 1689 1787 1730 inscripta,
1803 1682 1902 1731 eaque

276 1742 385 1773 omnia
406 1740 565 1785 bilinguia
585 1744 629 1781 (v.
651 1742 708 1774 lib.
732 1742 781 1781 ll,
805 1753 873 1784 cap.
896 1743 948 1783 2),
971 1741 1052 1774 nihil
1074 1741 1161 1774 aliud
1184 1742 1313 1784 probat,
1338 1754 1433 1785 quam
1456 1751 1650 1776 mercatores
1672 1744 1719 1776 ibi
1740 1744 1903 1777 habitasse

275 1800 475 1843 phoenicios‚
500 1800 554 1842 qui
576 1805 701 1840 praeter
723 1798 888 1840 vulgarem
908 1797 1037 1840 linguae
1059 1809 1195 1841 graecae
1216 1810 1309 1831 usum
1332 1801 1430 1831 etiam
1452 1802 1575 1842 patriae
1590 1800 1720 1843 linguae
1734 1809 1904 1833 consuetu—

275 1856 383 1887 dinem
411 1862 587 1886 servarent.
632 1853 800 1896 Elegantia
823 1862 1099 1887 monumentorum
1123 1862 1155 1886 et
1177 1866 1305 1893 eorum,
1340 1858 1393 1898 qui
1416 1863 1589 1898 ponerent,
1619 1857 1747 1889 divitias
1770 1864 1802 1889 et
1824 1859 1902 1890 satis

275 1911 443 1944 florentem
471 1911 558 1942 urbis
581 1917 716 1942 aetatem
738 1913 860 1953 arguit:
893 1918 1033 1942 attamen
1066 1913 1161 1944 etiam
1191 1911 1458 1955 Boeckhius***),
1486 1912 1716 1946 Demosthenis
1739 1925 1777 1945 ea
1799 1921 1902 1946 aetate

275 1979 339 2000 non
363 1968 530 2009 superiora
552 1977 623 1998 esse
645 1968 847 2008 pronunciat.

401 2023 439 2055 In
462 2022 567 2054 insula
587 2022 729 2061 Meh'te,
752 2024 890 2065 primum
915 2035 935 2055 a
952 2023 1188 2063 Phoenicibus,
1209 2024 1283 2056 dein
1300 2031 1332 2056 et
1347 2025 1411 2056 iam
1428 2026 1522 2067 primi
1538 2025 1613 2056 helli
1626 2027 1735 2067 punici
1749 2034 1901 2069 tempore,

278 2092 298 2112 a
312 2080 429 2112 Poenis
442 2079 584 2111 habitata
609 2080 650 2120 (v.
663 2078 720 2110 lib.
736 2078 778 2118 11,
802 2091 869 2122 cap.
887 2081 926 2121 1)
941 2087 1066 2122 praeter
1086 2080 1168 2112 alios
1191 2082 1324 2122 turpiter
1340 2079 1466 2112 habitos
1483 2088 1630 2123 quattuor
1645 2082 1726 2114 tituli
1742 2082 1903 2125 phoenicii

276 2137 393 2179 reperti
409 2142 501 2174 sunt,
523 2137 606 2166 inter
622 2146 702 2177 quos
715 2146 798 2167 unus
815 2135 1072 2178 elegantissimus
1090 2136 1260 2180 bilinguis,
1284 2136 1472 2178 phoenicius
1486 2145 1518 2168 et
1534 2149 1687 2180 graecus,
1710 2150 1730 2170 a
1744 2139 1902 2181 Dionysio

275 2200 307 2225 et
323 2192 498 2235 Serapione
513 2190 683 2229 fratribus,
707 2193 836 2223 natione
851 2191 977 2233 Tyriis,
1001 2195 1141 2236 positus,
1165 2205 1258 2236 quem
1277 2192 1455 2225 Alexandri
1470 2193 1582 2236 Magni
1599 2202 1702 2226 aetate
1716 2196 1900 2227 inferiorem

276 2257 308 2281 et
338 2250 425 2280 tertii
453 2248 521 2279 fere
550 2254 624 2279 ante
650 2246 726 2279 Chr.
749 2258 857 2279 natum
882 2248 982 2280 seculi
1009 2260 1080 2281 esse
1108 2249 1251 2292 plerique
1277 2251 1491 2281 consentiunt.
1526 2250 1593 2282 -De
1619 2253 1726 2283 numis
1749 2251 1902 2283 Meliten-

275 2305 365 2339 sibus
387 2307 561 2347 φοινικικῶς
582 2306 744 2347 inscriptis
767 2304 859 2337 valde
881 2307 1003 2337 incerta
1024 2317 1075 2338 res
1097 2313 1146 2338 est
1175 2305 1247 2347 (lib.
1269 2305 1336 2346 Ill,
1366 2317 1417 2338 no.
1442 2306 1561 2345 XIV),
1590 2318 1686 2349 quum
1710 2309 1749 2339 ad
1775 2306 1898 2339 Gaulon

278 2360 480 2404 probabilius
502 2361 682 2402 pertineant
702 2361 782 2393 haec
804 2363 1013 2398 numismata;
1037 2363 1092 2394 sed
1118 2363 1278 2394 Cessurae
1299 2364 1377 2397 satis
1395 2352 1485 2394 'certa
1507 2371 1613 2395 exstat
1638 2365 1772 2405 pecunia
1795 2365 1899 2394 variae

277 2419 407 2458 aetatis,
429 2419 525 2448 etiam
549 2416 722 2459 bilinguis,
749 2429 829 2460 quae
852 2429 951 2461 usque
975 2418 1015 2449 ad
1038 2418 1163 2450 Tiberii
1186 2426 1322 2450 aetatem
1346 2420 1520 2451 descendit.

276 2575 336 2594 esse
352 2572 426 2594 recte
442 2568 568 2595 viderunt
582 2569 696 2600 Scaliger
713 2569 745 2594 ad
762 2569 857 2603 fragm.
876 2573 942 2595 vett.
962 2578 988 2602 p.
1010 2572 1050 2596 12.
1174 2569 1198 2602 ⁸)
1217 2569 1366 2595 Jablonskii
1376 2569 1474 2603 Opnsc.
1485 2570 1524 2595 ed.
1536 2574 1563 2595 te
1572 2570 1668 2595 Water
1680 2567 1727 2600 ΙΙΙ,
1739 2576 1765 2600 p.
1777 2566 1826 2591 126
1836 2573 1896 2599 sqq.

278 2616 418 2642 Becher-tur
444 2616 472 2642 in
497 2616 604 2643 Canaan
630 2619 660 2650 1,
686 2618 711 2643 6.
756 2619 871 2643 Cunaeus
895 2619 928 2644 de
947 2619 1050 2652 republ.
1173 2617 1213 2650 ‘*)
1233 2618 1302 2644 Vide
1321 2618 1424 2643 Eckhel
1442 2619 1475 2642 D.
1497 2618 1528 2643 N.
1549 2617 1589 2642 ΠΙ
1601 2637 1607 2648 ,
1629 2618 1663 2642 83
1684 2624 1741 2648 sqq.

279 2663 363 2690 ΗΘΜ·
382 2665 413 2697 2.
431 2665 457 2690 8·
1169 2665 1223 2698 ***)
1244 2666 1348 2700 Corpus
1366 2665 1446 2691 inser.
1469 2667 1498 2697 1,
1519 2674 1544 2698 p.
1563 2665 1621 2690 523.
1641 2664 1700 2688 527·

1467 2715 1518 2744 2*
