2242 2976
348 277 468 314 NUME
486 275 676 312 SICILIAE
698 276 758 310 ET
779 274 1097 311 ADIAGENTIUM
1119 274 1393 310 INSULARUM.
1437 274 1536 309 XIV.
1555 274 1743 309 GAULOS.
1811 278 1881 313 30!

261 374 389 418 quidam
420 375 456 406 ἰιι
493 373 628 405 historia
665 371 791 404 insulae
825 370 1061 411 memorabilis,
1099 382 1131 405 v.
1161 383 1188 404 c.
1219 370 1378 403 libertatis
1414 369 1467 402 vel
1502 366 1706 403 autonomiae
1737 371 1883 413 adeptae,

259 430 431 463 indicatur.-

388 493 514 533 Quotus
539 496 580 526 sit
602 493 657 526 ille
680 492 838 532 cabi-rus,
875 493 1039 535 quomodo
1058 491 1251 535 appelletur,
1290 492 1383 524 Sidik
1406 503 1446 523 an
1470 491 1609 531 Esmfxn,
1639 501 1706 523 non
1725 491 1882 534 disquiro:

258 551 396 583 lectores
424 551 679 583 coniecturarum
707 555 855 582 amantes
882 551 1046 581 remittens
1075 550 1115 581 ad
1144 549 1176 582 b.
1202 548 1406 581 Mnemerum
1437 556 1469 580 et
1499 548 1573 580 Alb.
1606 547 1691 580 della
1719 547 1886 580 Marmora·

259 606 281 639 Ι.
306 619 333 639 c.
364 619 436 651 pag.
456 611 506 640 2⁷.
555 607 593 639 ld
621 616 720 639 unum
751 605 906 645 observo,
943 604 1135 638 cabirorum
1167 607 1344 649 imaginem
1365 605 1509 637 officinas
1540 604 1722 637 metallicas·
1740 604 1888 637 indicare

259 662 379 703 videri,
413 671 447 696 ut
465 666 498 696 iu
521 665 626 696 nmis
648 662 795 695 Malacae
817 663 891 705 (no.
914 660 1031 702 XIX).

386 727 422 760 In
454 738 519 760 uno
549 720 729 770 exemplos
755 729 839 770 quod
866 728 938 774 dedi
967 725 1028 759 litt.
1051 725 1114 771 L„
1129 729 1249 759 omisso·
1269 734 1324 767 Ἢ,
1359 725 1477 770 legitur
1501 733 1623 758 tantum
1646 733 1701 759 m:
1725 726 1777 767 (ut
1800 727 1883 768 apud

258 784 471 824 fickbaum,
495 784 567 827 syll.
591 783 655 816 tab.
678 785 743 826 7),
771 786 804 816 in
828 795 889 827 quo
912 784 1023 816 eadem
1047 780 1169 826 ellipsis
1192 795 1264 816 esse·
1286 785 1429 823 videtur,
1460 791 1554 825 atque
1578 784 1611 814 in
1635 785 1706 829 1:⁷3}ss
1727 781 1807 814 Gen.
1831 786 1882 820 14,

259 839 310 874 ⁴18.
333 841 402 873 ¹1³8.
430 843 482 880 76,
512 842 530 873 3
559 853 622 884 pro·
648 843 788 888 ῦξιῑξηῆῖ,
818 850 876 884 Ἶξξ
904 840 957 873 Ps.
991 842 1063 880 132,
1096 843 1120 872 6·
1147 851 1203 883 pro
1232 848 1320 887 2:³¹qu
1351 849 1453 884 17:¹79,
1489 848 1521 874 ,et
1550 841 1582 871 in
1612 839 1732 882 linguis
1766 838 1886 870 nostris·

259 896 311 930 St.
335 897 444 930 Poenle'
462 907 506 929 sc.
529 895 658 930 clarck.
762 885 769 890 ³
1313 885 1318 890 ’
1404 884 1409 889 ’

385 964 415 994 3.
459 961 602 994 Tertiam
624 962 758 995 classem
783 959 979 994 constituunt
1001 969 1067 993 tres
1089 963 1201 993 eximii
1225 961 1402 1005 bilingues,
1442 961 1557 1004 quibus
1580 962 1612 992 in
1635 959 1739 992 lucem
1763 966 1884 1002 protra-

258 1018 373 1049 hendis
403 1028 505 1060 nuper
534 1020 651 1049 meruit
672 1017 775 1060 perill.
799 1028 913 1049 BELLA
935 1017 1107 1049 Mfflmom
1132 1019 1166 1049 in
1188 1017 1299 1049 libello
1322 1020 1384 1049 iam
1409 1025 1604 1056 memorato,
1635 1017 1700 1049 tab.
1719 1021 1738 1067 J
1768 1015 1829 1048 litt.
1852 1016 1882 1047 d.

257 1084 287 1106 e.
308 1074 341 1113 f,
371 1074 453 1116 apud
476 1084 535 1105 nos
556 1073 618 1106 nn.
643 1074 689 1106 M.
713 1073 755 1105 N.
779 1073 820 1106 O.

383 1138 430 1170 M.
478 1138 585 1180 Caput
606 1141 774 1180 principis
803 1139 920 1170 madum
950 1139 995 1170 ad
1023 1139 1185 1170 dextram.
1229 1137 1487 1170 GERMNICVS
1510 1136 1633 1169 CAES'.
1667 1137 1692 1180 ἶ(
1733 1137 1896 1176 Gabii-ue.

257 1203 292 1228 ut
313 1196 347 1227 ia
370 1194 410 1228 cl.
433 1198 469 1234 2,
498 1206 517 1226 a
539 1196 670 1226 sinistra
693 1203 802 1235 02:⁹⁸,
834 1206 857 1226 a
877 1196 993 1226 dextra-
1011 1193 1084 1226 INS
1106 1195 1212 1227 AVG.
1235 1194 1367 1238 (insula-
1384 1195 1554 1238 Augusti).
1612 1215 1616 1219 -

383 1258 425 1292 N.
468 1259 561 1291 Iden
584 1263 701 1301 eaput,
729 1261 803 1291 sine
822 1259 1005 1302 epigraphe.
1038 1260 1065 1301 )(
1093 1259 1214 1292 Eadem
1240 1270 1370 1299 aversa,
1406 1267 1442 1291 ut
1464 1259 1525 1291 litt.
1549 1259 1595 1290 M.

385 1322 427 1355 O.
471 1323 565 1355 Idem
587 1328 696 1366 caput.
742 1322 870 1356 Circum
892 1322 1082 1356 AVGERM
1103 1324 1149 1356 ΤΙ
1172 1324 1293 1357 CAES.
1324 1326 1354 1366 )(
1383 1333 1417 1357 ut
1438 1327 1471 1356 in
1497 1323 1557 1355 litt.
1581 1323 1627 1356 M.
1651 1321 1691 1355 N.

383 1388 435 1421 De
457 1387 629 1431 epigraphe
662 1388 782 1420 Punica
811 1400 872 1420 non
903 1397 951 1421 est
980 1391 1065 1432 quod
1089 1389 1181 1422 multi
1203 1392 1322 1430 simus,
1355 1392 1416 1422 nisi
1440 1390 1521 1432 quod
1546 1387 1625 1421 Nun
1649 1399 1763 1420 novam
1788 1387 1881 1418 etiam

257 1445 392 1477 formam
423 1445 574 1476 assumsit
597 1455 616 1475 a
639 1444 889 1488 Palaeographis
913 1438 1280 1489 diligenter‘notandam
1303 1447 1355 1494 (γ’.
1378 1446 1436 1479 lib.
1459 1446 1519 1485 I§.
1535 1448 1574 1478 25
1599 1457 1650 1477 no.
1675 1446 1746 1485 19).
1793 1443 1883 1475 M'em

257 1508 454 1540 extremum,
491 1508 525 1532 ut
556 1500 639 1532 solet
667 1501 700 1532 in
730 1503 888 1544 scriptura
918 1501 1107 1542 Numidica,
1145 1514 1210 1535 non
1242 1503 1376 1535 multum
1406 1503 1513 1534 differt
1542 1503 1582 1534 ab
1613 1500 1723 1543 Alepli
1752 1499 1882 1538 initiali,

257 1564 291 1590 at
310 1557 400 1589 Mem
425 1568 496 1589 esse
516 1567 587 1588 eam
613 1556 752 1589 litteram
785 1558 869 1599 (non
890 1557 1014 1601 Aleph‚
1044 1566 1080 1590 ut
1099 1559 1230 1591 volebat
1253 1559 1425 1602 perillustr.
1448 1558 1532 1591 della
1555 1558 1738 1599 Marmora)
1768 1558 1884 1588 docent

198 1643 201 1645 .
257 1612 422 1656 exempla,
453 1622 534 1656 quae
556 1613 757 1645 laudavimus
779 1615 814 1646 in
835 1614 1093 1657 palaeographiae
1113 1617 1162 1654 OE·
1188 1611 1230 1647 24
1251 1617 1291 1648 ad
1314 1627 1367 1648 no.
1393 1618 1465 1655 23⁴).
1518 1614 1594 1646 Plus
1618 1613 1814 1663 difficultatis
1836 1619 1886 1644 est

256 1673 290 1702 in
312 1670 412 1702 latina
434 1676 466 1701 et
487 1671 520 1701 in
543 1669 721 1701 rationibus
745 1670 918 1703 historicis.
962 1670 1090 1703 Numus
1112 1671 1149 1703 M
1173 1673 1206 1704 in
1230 1672 1387 1704 honorem
1410 1672 1594 1704 Germanici
1617 1670 1766 1702 Caesaris
1789 1678 1888 1702 cusus'

257 1737 328 1758 esse
351 1726 466 1765 debet,
505 1728 556 1757 cui
579 1725 670 1757 multi
693 1726 890 1758 coloniarum
914 1729 1019 1766 numi,
1064 1729 1159 1760 etiam
1183 1737 1253 1771 post
1276 1729 1398 1761 obitum
1421 1741 1440 1760 a
1463 1728 1607 1770 Caligula
1629 1727 1715 1766 filio,
1746 1726 1885 1758 dedicati

257 1790 333 1815 sunt
363 1781 506 1824 (Eckhel
536 1781 577 1813 D.
603 1780 646 1813 N.
677 1781 725 1813 VI
756 1794 787 1824 p.
812 1786 885 1814 211.
926 1782 1052 1815 Rasche
1074 1783 1122 1823 Π,
1149 1788 1161 1816 1
1192 1797 1222 1827 p.
1249 1786 1365 1827 1419).
1409 1785 1473 1816 Sed
1497 1787 1528 1816 in
1554 1795 1650 1815 numo
1675 1783 1704 1814 Ο
1728 1784 1885 1824 scriptura

256 1841 360 1878 edita,
396 1849 475 1880 quae
505 1837 679 1880 supplenda
709 1846 794 1870 esset
824 1839 998 1881 Augustus
1029 1840 1244 1873 Germanicus
1281 1842 1430 1873 Tiberius·
1455 1841 1596 1879 Caesar,
1634 1840 1714 1872 mihi
1737 1845 1885 1881 suspecta

208 1907 213 1912 ·
258 1904 315 1927 est.
359 1892 443 1926 Nam
466 1893 618 1926 Tiberius
637 1894 802 1937 Augustus
825 1906 1002 1938 nunquam,
1034 1897 1117 1938 quod
1135 1898 1251 1936 seiam,
1276 1896 1486 1929 Germanicus
1503 1896 1682 1939 appellatus
1698 1903 1757 1934 est,
1781 1905 1884 1937 neque

256 1952 419 1994 legitimus
448 1951 527 1982 ordo
557 1952 698 1983 videtur:
738 1951 823 1994 Aug.
848 1951 956 1983 Germ.
980 1951 1033 1984 Ti.
1057 1952 1189 1985 Caesar.
1234 1953 1373 1986 Facilius
1407 1954 1520 1986 Caium
1547 1953 1719 1985 caesarem
1742 1964 1769 1984 s.
1797 1951 1885 1983 Cali-

256 2009 385 2051 μίαν,
416 2006 602 2039 Germanici
623 2007 743 2047 filium,
774 2011 913 2051 cogites,
945 2010 997 2051 qui
1023 2020 1122 2052 usque
1145 2010 1184 2041 ad
1211 2020 1329 2041 annum
1351 2011 1440 2042 urbis
1465 2013 1526 2043 792
1553 2010 1745 2042 Germani-ci
1767 2018 1884 2051 cogno-

258 2075 331 2096 men
360 2065 476 2106 gessit,
514 2071 546 2095 et
568 2063 653 2096 haud
676 2066 743 2096 scio
767 2075 807 2096 an
830 2064 1002 2107 legendum
1026 2067 1068 2097 sit
1088 2065 1326 2098 AUGERMNI
1359 2067 1543 2109 (Augustus
1567 2065 1798 2107 Germanicus)
1827 2074 1884 2106 pro

257 2119 502 2152 AVGERMTI.
537 2120 654 2152 Imula
682 2122 834 2163 Augusti
856 2129 960 2153 autem
985 2133 1053 2153 non*
1073 2130 1179 2164 potest
1201 2134 1264 2154 non
1289 2123 1500 2155 honorificum
1526 2133 1642 2154 nomen
1666 2122 1776 2160 fuisse,
1799 2131 1884 2152 nunc

258 2179 393 2219 primum
415 2178 498 2220 quod
523 2178 623 2208 sciam
646 2178 681 2208 in
704 2177 808 2209 lucem
830 2189 1016 2220 emergens,
1047 2180 1131 2221 quod
1158 2179 1297 2211 Cossum
1321 2180 1360 2211 ab
1380 2179 1545 2222 Augusto,
1570 2182 1638 2212 sive
1656 2178 1808 2211 Tiberius
1831 2177 1883 2208 hic

258 2240 346 2272 erat,
374 2235 442 2265 sive
464 2233 569 2275 (quod
593 2233 723 2274 malim)
749 2234 922 2276 Caligula,
956 2234 1148 2267 obtinuerat.
1192 2235 1371 2267 Insularum
1388 2235 1571 2268 Balearium
1589 2247 1684 2268 unam
1703 2234 1882 2276 intelligere

258 2289 378 2321 mavult
398 2289 472 2321 Alb.
498 2289 582 2321 della
604 2289 784 2322 Mar-mora:
815 2291 891 2329 sed,
916 2297 949 2321 ut
972 2292 1129 2330 vidimus,
1161 2303 1274 2323 caussa
1296 2293 1412 2324 idonea
1437 2293 1535 2326 nulla.

836 2391 944 2425 XIV.
993 2392 1078 2425 GA
1109 2392 1299 2426 ULOS.

386 2465 506 2499 Gaulos
535 2469 718 2510 (Ῑαῦλος),
754 2468 827 2500 freti
861 2468 962 2500 Siculi
992 2468 1097 2501 insula
1128 2481 1224 2512 prope
1254 2470 1423 2510 Melitam,
1461 2483 1532 2502 cum
1555 2472 1670 2513 oppido
1693 2470 1881 2512 cognomine

260 2528 341 2553 teste
363 2522 505 2555 Diodoro
530 2525 578 2566 (5,
598 2526 656 2565 12)
678 2531 824 2567 portuum
850 2526 1072 2557 commoditate
1095 2534 1279 2568 praestans,
1313 2539 1331 2558 a
1350 2527 1562 2559 Phoenicibus
1581 2529 1716 2569 primum
1734 2526 1882 2567 frequen·

260 2585 323 2609 tata
336 2579 502 2619 (Φοινίκων
517 2580 667 2621 ἄποικος),
685 2582 779 2613 hodie
793 2581 902 2613 Gozzo
921 2583 1015 2614 dicta.
1039 2584 1162 2614 Γαῦλον
1177 2583 1266 2615 πόλιν
1281 2591 1436 2615 memorat
1444 2582 1562 2624 Scylax
1580 2585 1612 2614 in
1623 2582 1748 2624 Periplo
1763 2593 1793 2623 p.
1805 2583 1879 2612 1182

260 2636 382 2666 Γαῦλον
402 2642 521 2672 autem,
546 2636 675 2670 Gawlmo
697 2639 773 2680 (per
794 2638 824 2679 l)
845 2638 988 2670 scribunt
1011 2646 1077 2671 tum
1101 2641 1270 2682 scriptores
1296 2647 1418 2671 veteres
1443 2639 1573 2681 (steph.
1592 2639 1670 2679 Byz.
1694 2638 1724 2669 h.
1744 2648 1771 2669 v.
1798 2635 1878 2668 plin.
