2242 2976
364 299 414 336 68
466 295 597 329 LIBER
621 293 790 328 PRIMUS.
833 290 1205 326 PALAEOGRAPHIA
1227 290 1483 342 moabitem.
1524 291 1676 324 CAPUT
1699 290 1922 330 QmNTUM.

366 399 433 425 not.
455 392 514 432 ⁶),
542 386 645 429 Ἠτα,
686 389 792 430 Θῆτα,
823 386 915 418 ’¹⁰7'ss
941 390 991 418 θ’(
1015 395 1088 419 ΝἿΊ“
1115 384 1167 416 V⁰l
1197 394 1311 424 Μ’ἿῬ,
1343 383 1464 417 Κάπα
1491 394 1541 417 ‘¹'
1557 393 1645 431 ‘¹2²2’
1673 385 1776 426 Σίνμα
1803 395 1847 418 ⁸¹
1877 393 1983 424 ἵζ’-’ΜΨ

366 447 483 482 Ko'mm
494 457 537 478 ex
554 446 643 492 nep),
666 444 716 476 vel
739 441 911 485 paullulum
935 445 1100 474 immutata
1122 450 1155 474 et
1175 435 1337 475 decurtata
1358 447 1433 473 sunt
1455 442 1512 484 (tin
1533 442 1592 480 m,
1611 449 1668 483 ,Γνο
1684 440 1761 481 Σάιν,
1783 444 1838 474 m
1859 452 1902 474 ex
1917 443 1987 479 Ρῶς

364 514 459 543 vua,
481 504 533 534 Νῦ
553 512 595 534 ex
618 503 687 533 Νῦν
709 510 770 542 3³1³,
796 500 855 531 Μῦ
877 509 933 542 pro
955 506 1018 538 tm,
1042 509 1184 531 consona
1204 499 1237 530 in
1261 497 1404 530 vocalem
1425 496 1531 530 soluta
1555 496 1607 529 vel
1627 508 1685 540 pro
1704 505 1739 530 *n
1763 498 1847 540 quod
1865 499 1986 541 pariter

364 566 458 603 atque
484 567 539 593 ονε
563 568 677 600 aquam
698 555 882 599 significat).
925 555 961 587 ln
985 567 1047 587 unu
1070 554 1175 587 littera
1197 553 1228 586 O
1248 553 1455 597 appellanda,
1479 555 1533 586 cui
1551 553 1668 586 Graeci
1691 557 1806 587 novam
1824 554 1984 597 quandam

365 624 550 660 potestatem
575 614 766 652 tribuerant,
790 614 888 644 misso
911 613 1041 644 nomine
1061 614 1154 654 qnasi
1175 613 1304 654 proprio
1325 609 1428 642 nolum
1450 621 1564 643 sonum
1587 610 1816 653 sequebantur.

1116 707 1145 744 5.
1174 706 1227 738 47.

493 782 584 821 Quae
617 782 735 814 fuerint
769 781 946 814 litterarum
980 792 1166 826 graecarum
1201 781 1492 823 antiquissimarum
1528 778 1669 822 figurae,
1707 786 1774 811 tum
1812 788 1854 810 ex
1886 764 1987 810 titulis

367 840 599 883 antiquissimis
627 838 818 881 intelligitur
851 850 931 881 quos
968 838 1120 871 collectos
1147 844 1179 868 et
1206 836 1382 868 illustratos
1410 835 1543 867 exhibet
1570 834 1730 867 Boeckhii
1758 845 1838 877 opus
1869 833 1928 876 (T.
1960 833 1987 866 1.

365 908 395 940 p.
414 900 430 928 1
446 896 546 938 sqq.)‚
569 902 633 926 tum
657 906 698 926 ex
720 896 939 934 numismatis,
962 896 996 927 iu
1018 894 1134 937 quibus
1155 894 1250 924 etiam
1266 893 1444 925 recentiora
1467 891 1622 924 nonnulla
1637 892 1833 934 antiquitatis
1847 891 1988 934 speciem

364 953 524 984 affectant.
567 950 614 982 Ac
644 952 705 993 qui'
729 961 769 982 ex
801 953 999 983 numismatis
1023 948 1303 993 palaeographiam
1325 958 1474 991 graecam
1495 947 1744 987 illustraverim,
1775 946 1883 990 plures
1901 953 1986 984 suut,

364 1016 399 1041 ut
423 1009 612 1040 DUTENSIUS
636 1006 850 1049 (Explication
872 1008 927 1039 des
948 1005 1112 1039 medailles
1133 1015 1287 1047 grecques
1311 1012 1371 1036 etc.
1394 1015 1420 1046 p.
1446 1007 1506 1036 196
1519 1004 1622 1047 sqq),
1644 1004 1838 1036 Ecxusmus
1861 1002 1984 1045 (Doctr-

365 1076 448 1097 num.
471 1063 511 1096 Τ.
535 1063 559 1095 1.
583 1075 609 1105 p.
630 1062 758 1095 xcvn
772 1063 872 1106 sqq.),
895 1062 1096 1095 Mioastrrus
1118 1060 1158 1093 T.
1175 1060 1219 1093 V.
1242 1071 1268 1103 p
1294 1063 1330 1093 31
1357 1071 1443 1102 sqq„
1473 1061 1526 1102 qni
1552 1070 1593 1091 ex
1616 1059 1720 1093 titulis
1740 1060 1879 1102 antiquis
1901 1069 1986 1090 nunc

363 1122 495 1153 iunctim
517 1121 610 1152 editis
632 1119 808 1162 litterarum
832 1119 950 1151 formas
973 1118 1157 1161 collegerit,
1183 1128 1282 1149 unum
1305 1118 1381 1148 novi
1410 1116 1449 1148 C.
1469 1116 1494 1148 F
1496 1126 1528 1149 a.
1551 1115 1710 1149 Kaustuu
1741 1114 1936 1158 (Hellas.'l'.
1958 1114 1984 1146 1.

363 1188 394 1221 p.
417 1179 480 1209 ⁶⁷8
500 1176 608 1218 sqq.)‚
638 1176 690 1207 cui
711 1175 876 1214 addenda,
905 1186 987 1218 quae
1009 1176 1128 1218 passim
1155 1166 1189 1205 id
1215 1174 1454 1206 commentariis
1483 1173 1656 1214 disputavit
1682 1171 1869 1205 Boeckhius
1898 1170 1920 1202 l.
1943 1181 1986 1210 e„

362 1235 398 1265 it.
421 1233 534 1265 Lauzo'
551 1232 671 1275 Saggio
695 1233 727 1263 di
747 1231 858 1274 lingua
885 1231 1021 1264 Etrusca
1047 1231 1080 1270 Ι,
1109 1241 1139 1273 p.
1163 1232 1204 1262 77
1221 1239 1289 1272 sqq.
1332 1230 1448 1271 Payne
1467 1227 1603 1271 Km'ght
1632 1239 1726 1270 essay
1747 1238 1790 1260 on
1811 1227 1866 1260 the
1885 1226 1986 1271 greek

363 1288 525 1331 alphabet.
566 1288 670 1320 Lond.
686 1287 785 1320 ³¹8¹&
826 1292 859 1320 4.

491 1343 587 1382 Quod
615 1355 674 1376 nos
703 1344 767 1376 tab.
791 1347 812 1376 2
831 1345 985 1376 >dedimus
1012 1342 1218 1386 alphabetum
1245 1352 1292 1374 ex
1311 1348 1446 1384 utroque
1467 1347 1747 1373 monumentorum
1769 1350 1890 1382 genere
1910 1335 1985 1373 eon·

364 1402 544 1440 cinnatum,
567 1411 626 1443 pro
647 1399 785 1432 consilio
807 1408 915 1432 nostro
939 1401 1067 1432 nonnisi
1089 1410 1145 1431 eas
1166 1397 1300 1431 exhibet
1319 1397 1462 1437 litteras,
1492 1408 1572 1440 quas
1600 1395 1817 1429 Phoenicibus
1839 1402 1985 1439 acceptas

365 1457 548 1488 referebant
570 1456 701 1488 Graeci:
734 1458 779 1488 ita
807 1457 934 1498 quidem
956 1456 1148 1498 dispositas,
1180 1462 1215 1486 ut
1233 1455 1356 1497 priores
1373 1453 1497 1497 figurae
1518 1460 1670 1496 punctum
1694 1453 1920 1495 praecedentes
1941 1462 1984 1485 ex

365 1513 511 1544 versibus
530 1514 723 1554 retrogradis
738 1524 765 1544 s.
783 1511 932 1544 orientali
948 1522 1037 1544 more
1053 1512 1181 1554 scriptis
1195 1511 1376 1549 desumtae,
1406 1511 1599 1552 posteriores
1620 1515 1772 1552 punctum
1793 1508 1984 1542 subsecutae
2008 1534 2013 1537 -

366 1579 408 1601 ex
432 1569 580 1600 versibus
602 1569 798 1610 integrisque
821 1569 1035 1599 monumentis
1057 1566 1245 1599 occidentali
1268 1576 1356 1599 more
1377 1567 1518 1599 exaratis
1539 1565 1675 1600 haustae
1697 1566 1774 1598 sint.
1803 1597 1806 1600 .

494 1625 546 1657 De
565 1623 701 1667 singulis
723 1630 829 1655 autem
850 1622 965 1655 litteris
986 1623 1047 1655 hos
1068 1622 1189 1655 habeas
1210 1623 1471 1655 commentarios:

492 1715 535 1744 A.
559 1711 628 1763 Fig.
646 1716 661 1744 1
678 1706 906 1762 euphemium
929 1697 989 1772 K
1035 1697 1105 1773 k
1132 1704 1211 1758 orta,
1226 1717 1274 1743 est
1289 1711 1322 1742 in
1338 1712 1385 1742 tit.
1401 1709 1501 1743 Criss.
1519 1708 1587 1753 sig.
1605 1708 1646 1741 al.
1662 1721 1710 1752 ap.
1728 1708 1871 1743 Boeckh.
1887 1710 1983 1742 inser.

368 1810 398 1845 1,
415 1809 444 1838 8.
461 1808 511 1838 27.
536 1813 567 1836 et
588 1806 621 1836 in
644 1805 864 1847 antiquissimo
880 1815 975 1836 numo
992 1804 1168 1836 Pandosiae
1186 1802 1394 1835 Bruttiorum.
1425 1801 1493 1845 Fig.
1509 1805 1528 1834 2
1551 1800 1684 1834 Bbeckh
1700 1804 1798 1834 inscr.
1810 1805 1842 1834 8.
1874 1802 1901 1834 F
1902 1804 1946 1845 ig.
1963 1805 1983 1835 ³

338 1871 344 1878 ⁸
365 1861 443 1895 ibid.
467 1863 563 1893 inser.
580 1864 611 1894 7.
627 1864 680 1899 34,
700 1868 732 1893 et
753 1862 786 1893 iu
809 1871 905 1893 numo
926 1859 1125 1893 Faliscorum
1147 1860 1303 1892 Etruriae.
1346 1858 1418 1902 Fig.
1439 1862 1461 1891 4
1483 1857 1614 1891 Boeckh
1637 1860 1734 1891 inser.
1758 1862 1809 1899 10,
1832 1857 1888 1902 fig.
1910 1862 1942 1892 5.
1964 1861 1986 1891 ὁ

366 1920 399 1950 in
424 1919 528 1950 numis
550 1918 779 1960 antiquissimis
801 1916 976 1949 Cauloniae
998 1923 1030 1948 et
1051 1916 1247 1959 Metaponti,
1278 1916 1350 1948 vide
1378 1915 1585 1947 Etruscorum
1615 1914 1736 1958 figuras
1765 1914 1826 1948 col.
1848 1919 1868 1949 2
1890 1922 1923 1949 et
1942 1914 1984 1948 cs.

366 1973 486 2017 figuras
509 1973 693 2015 phoenicias
716 1973 871 2014 capitibus
893 1974 1036 2005 rotundis
1057 1974 1085 2012 9.
1110 1976 1167 2012 12,
1191 1984 1244 2006 uo.
1266 1975 1296 2004 8.

494 2031 532 2061 Β.
576 2031 619 2073 inv
635 2031 739 2061 numis
763 2029 992 2071 antiquissimis
1013 2029 1167 2072 Segestae
1190 2028 1328 2060 Siciliae.

494 2087 529 2117 Γ.
573 2085 643 2128 Fig.
664 2089 677 2117 1
696 2087 792 2130 inser.
809 2085 876 2128 Sig.
894 2084 1026 2116 Boeckh
1043 2087 1141 2116 inser.
1159 2087 1190 2123 8,
1213 2083 1271 2127 fig.
1286 2087 1306 2115 2
1324 2083 1400 2115 ibid.
1418 2089 1449 2114 et
1463 2084 1558 2115 inser.
1573 2085 1625 2122 38,
1642 2082 1697 2126 fig.
1712 2085 1731 2114 3
1746 2081 1824 2114 ibid.
1838 2083 1934 2114 iuscr.
1951 2086 1982 2122 8,

366 2142 423 2186 fig.
440 2147 459 2174 4
484 2142 560 2174 ibid.
578 2143 674 2174 inser.
692 2135 820 2184 11,“fig.
834 2143 852 2173 5
876 2141 952 2174 ibid.
968 2142 1063 2173 inser.
1078 2143 1100 2173 7
1117 2148 1149 2172 et
1163 2142 1195 2172 iu
1213 2141 1316 2172 uumis
1332 2138 1462 2178 Siculis,
1487 2149 1516 2171 v.
1533 2137 1821 2171 Raoul-Rochette
1835 2140 1927 2182 epist.
1943 2139 1982 2170 ad

368 2199 537 2232 Aberdeen
561 2209 590 2239 p.
616 2201 666 2230 83.
710 2191 841 2229 Boeckh
864 2196 886 2228 l.
914 2208 941 2230 c.
963 2209 995 2240 p.
1019 2200 1077 2236 14,
1099 2194 1155 2240 fig.
1179 2199 1199 2229 6
1220 2195 1353 2228 Boeckh
1379 2197 1475 2228 inser.
1497 2199 1530 2228 4.
1562 2214 1606 2220 —
1639 2195 1790 2238 Figuram
1814 2198 1982 2238 septimam

367 2255 504 2288 inveniri
534 2255 567 2285 iu
597 2255 751 2295 scriptura
779 2266 798 2285 a
824 2253 917 2286 laeva
947 2254 987 2285 ad
1018 2243 1162 2285 deintra-n
1193 2259 1339 2286 currente
1369 2254 1466 2284 iuscr.
1497 2254 1516 2284 3
1546 2253 1659 2284 mirum
1688 2259 1755 2290 est,
1788 2252 1845 2284 sed
1867 2252 1980 2284 eodem

370 2311 463 2343 modo
486 2309 548 2342 hoc
569 2311 771 2343 iudicandum
795 2318 844 2342 est
865 2317 959 2352 atque
980 2321 1036 2349 ea,
1062 2320 1142 2352 quae
1163 2311 1332 2352 tetigimus·
1345 2310 1372 2348 §-
1392 2311 1442 2340 41.

495 2367 536 2398 A.
581 2366 649 2408 Fig.
675 2370 689 2397 1
719 2367 815 2398 inser.
846 2369 875 2397 8.
907 2368 964 2404 34,
996 2365 1050 2409 fig.
1080 2370 1100 2397 2
1130 2367 1224 2398 inser.
1255 2369 1293 2405 8,
1324 2371 1359 2397 et
1386 2366 1419 2397 in
1450 2365 1555 2396 nuruis
1584 2364 1813 2406 antiquissimis
1835 2362 1982 2402 Zanclen,

370 2423 577 2461 Posidonioe,
601 2422 797 2461 pandosiam,
822 2421 877 2464 fig.
901 2424 931 2453 3.
950 2426 972 2452 4
993 2423 1090 2455 inser.
1113 2425 1164 2456 11.

494 2480 530 2511 Ε.
574 2478 711 2521 Figurae
733 2477 881 2520 obliquae
903 2477 1033 2520 reliquis
1057 2484 1132 2508 sunt
1155 2477 1361 2519 antiquiores.
1404 2474 1561 2518 Quattuor
1586 2463 1715 2522 Jpriore‘s
1746 2474 1923 2518 phoeniciis
1944 2478 1983 2508 ad

369 2536 521 2568 amussim
541 2535 769 2578 respondentes
791 2534 992 2576 reperiuntur
1011 2532 1067 2576 fig.
1094 2537 1109 2564 1
1133 2535 1229 2565 inser.
1254 2536 1281 2564 1.
1306 2536 1342 2569 83
1370 2531 1426 2575 fig.
1450 2536 1469 2564 2
1490 2525 1587 2573 inser-⁵
1605 2535 1662 2571 343
1685 2530 1740 2574 fig.
1762 2534 1782 2564 3
1805 2534 1901 2565 inser.
1925 2535 1983 2570 39;

367 2592 422 2634 fig.
444 2597 465 2624 4
491 2593 587 2623 iuscr.
615 2595 666 2623 22.
692 2609 733 2614 —
771 2591 840 2633 Fig.
865 2593 882 2622 5
915 2591 1011 2622 inser.
1033 2592 1082 2622 10.
1106 2592 1155 2621 11.
1177 2593 1234 2626 12;
1266 2588 1322 2631 fig.
1346 2591 1366 2620 6
1387 2590 1483 2621 inser.
1506 2591 1566 2626 34;
1597 2587 1653 2631 fig.
1675 2591 1695 2621 7
1717 2585 1812 2622 in'scr.
1834 2592 1874 2622 23
1898 2596 1930 2621 et
1950 2591 1982 2621 in

369 2660 464 2680 numo
487 2649 707 2691 antiquissimo
728 2646 882 2690 Neapolis
905 2645 1118 2690 Campaniam
1140 2645 1196 2688 fig.
1219 2648 1238 2677 8
1261 2652 1310 2677 est
1333 2646 1521 2677 recentioris
1542 2647 1625 2678 aevi.
