2242 2976
322 225 394 263 184
435 223 566 256 LIBER
581 221 824 255 SECUNDUS.
860 219 1194 262 INSCRIPTIONEKS
1209 219 1494 253 PHOENJctAr..
1529 220 1678 256 CAPUT
1692 223 1892 256 SEXTUM.

318 327 412 362 atque
444 319 483 350 de
511 328 549 348 ea
576 316 752 347 litterarum
785 315 1009 346 commercium
1040 313 1153 346 habuit
1181 324 1253 346 cum
1284 313 1395 346 Isaaco
1423 314 1602 354 Peirescio,
1639 317 1692 348 cui
1719 317 1935 361 apographum

320 377 389 407 eius
422 375 552 405 miserat
589 373 756 414 ipsumque
793 369 931 413 lapidem
960 369 1042 401 clam
1071 376 1252 412 surreptum
1283 371 1408 402 mittere
1430 369 1596 410 voluerat,
1632 379 1799 405 recusante
1828 380 1933 405 tamen

322 430 494 463 Peirescio.
541 427 626 459 Vide
649 425 852 467 Barthelemy
876 427 908 458 in
932 425 1106 458 Memoires
1127 426 1166 457 de
1188 425 1372 458 l’academie
1396 425 1437 458 T.
1456 426 1565 459 XXX
1587 438 1615 469 p.
1629 430 1710 467 425,
1732 428 1767 459 it.
1789 428 1939 473 epistolas

320 486 467 519 Darcosii
498 485 530 515 in
560 482 668 515 Milliu
696 483 842 525 magazin
873 482 1160 525 encyclopediquffi
1198 482 1285 525 Sept.
1311 484 1404 515 1806.
1434 481 1504 514 Mai
1536 485 1635 522 1815,
1667 490 1700 515 et
1729 482 1938 522 Quen-emere

320 542 471 574 inemoire
501 551 556 572 sur
586 538 738 583 quelques
767 539 973 581 inscriptions
1002 539 1161 581 poniques
1192 549 1221 581 p.
1245 542 1276 571 4.
1304 541 1341 577 5,
1379 540 1469 571 cuius
1505 538 1585 571 haec
1613 546 1688 572 sunt
1715 540 1830 573 verba:
1861 538 1940 581 „Ce

321 608 481 640 voyageur
510 597 598 628 avoit
626 595 817 634 decouvert‚
853 596 873 626 a
903 602 1013 638 quatre
1039 594 1194 636 journees
1222 595 1262 626 de
1291 593 1415 634 Tunis,
1455 606 1498 627 un
1529 595 1642 628 edifica
1665 596 1719 639 qui
1741 597 1857 639 portait
1878 606 1941 630 une

321 655 508 696 inscription
538 663 579 684 eu
609 653 788 684 caracteres
812 652 979 694 puniques.
1023 650 1051 683 ΙΙ
1074 662 1114 683 eu
1136 661 1262 693 envoya
1285 662 1347 683 une
1371 652 1464 694 copie
1486 651 1506 682 a
1529 651 1674 684 Peiresc:
1706 653 1786 685 mais
1809 651 1891 686 celui
1911 654 1941 686 ci

320 699 455 744 desiroit
480 708 616 752 quelque
646 708 743 740 chose
774 708 814 740 de
845 709 971 740 mienx:
1006 714 1038 739 et
1069 718 1110 739 ne
1140 707 1264 740 vouloit
1291 718 1348 750 pas
1376 719 1438 750 que
1463 707 1623 748 d'Areos,
1654 719 1776 741 comme
1799 708 1824 742 il
1844 709 1876 742 le
1896 708 1943 743 lui

282 755 286 762 ¹
321 769 408 800 avoit
429 767 540 805 offert,
563 764 693 798 enlevat
712 764 933 806 l'inscription.
976 762 1004 795 ll
1027 774 1062 796 se
1083 763 1191 796 faisait
1212 764 1255 797 n‘n
1278 762 1428 806 scrupulo
1449 764 1490 796 de
1511 764 1668 808 degrader
1689 777 1728 798 en
1752 777 1831 808 pure
1855 773 1943 809 perte

321 836 363 856 un
387 824 559 861 batiment,
584 823 639 865 qui
660 822 748 852 avoit
770 819 869 851 brave
889 819 937 851 les
960 819 1072 852 efforts
1096 820 1138 852 du
1161 827 1263 862 temps
1285 826 1318 851 et
1340 830 1381 852 eu
1403 827 1494 852 outre
1517 821 1687 864 d'exposer
1700 820 1735 853 la
1755 824 1860 865 pierre
1877 833 1943 855 anx

321 880 455 912 husai-ds
478 879 552 911 d'ua
577 888 699 920 voyage
720 876 798 919 long
820 883 852 907 et
873 875 1072 919 dangerenx.
1114 875 1142 908 Il
1163 877 1298 909 desiroit
1318 875 1497 909 seulement
1520 876 1647 910 obtenir
1666 889 1708 910 nn
1725 877 1838 921 calque
1850 887 1943 912 exact

322 938 361 968 de
387 935 615 977 l'inscriptiou.
766 932 930 975 signore,
967 934 995 964 si
1025 932 1166 965 d'Arcos
1196 934 1294 966 suivit
1325 933 1365 965 de
1394 934 1484 975 point
1512 944 1553 966 eu
1582 936 1671 977 point
1700 933 1731 968 le
1761 934 1884 968 conseil
1902 936 1941 968 de

322 993 452 1024 Peiresc
468 998 501 1023 et
516 991 664 1023 transmit
678 990 698 1021 a
714 1000 750 1021 ce
765 996 879 1022 :avant
893 988 1090 1032 l'empreinte
1107 989 1156 1031 qu'
1167 988 1191 1021 il
1207 990 1362 1022 attendait
1384 1001 1461 1022 avec
1482 989 1515 1022 la
1536 989 1606 1033 plus
1621 992 1694 1023 vive
1715 992 1942 1034 impatience.“

323 1049 383 1081 Per
412 1049 476 1079 duo
504 1058 606 1090 paene
634 1045 743 1078 secula
775 1044 953 1088 neglectam
975 1046 1008 1076 iu
1030 1044 1134 1077 lucem
1156 1046 1263 1078 denuo
1285 1048 1446 1088 protraxit
1468 1045 1642 1079 ciuiuus
1663 1046 1796 1079 Bonan
1815 1047 1942 1088 Comes,

322 1106 544 1147 antiquitatum
567 1105 600 1135 in
623 1113 723 1145 regno
739 1100 910 1134 Tunetano
931 1102 1141 1144 superstitum
1154 1108 1312 1134 scrutator
1329 1102 1595 1145 diligentissimus
1617 1102 1666 1146 (†
1680 1102 1820 1146 Neapoli
1834 1104 1941 1147 181⁷),

324 1163 377 1204 qui
401 1162 430 1193 d.
453 1163 502 1192 20.
522 1159 607 1202 Aug.
632 1161 713 1191 1815
736 1158 830 1190 huius
853 1159 1070 1200 inscriptionis
1092 1162 1185 1196 (octo
1207 1158 1304 1200 pedes
1321 1165 1353 1190 et
1368 1159 1448 1190 duos
1463 1159 1589 1202 digitos
1602 1158 1738 1202 longae,
1760 1164 1829 1193 trec
1843 1160 1942 1203 pedes

324 1218 429 1259 altae)
465 1215 686 1259 apographum
725 1214 801 1246 fecit
839 1216 970 1257 eiusque
1003 1213 1251 1246 delineationem
1279 1216 1526 1248 communicavit
1555 1226 1626 1248 cum
1657 1215 1854 1256 Mnentero,
1890 1218 1943 1260 qui

323 1275 486 1317 specimen
501 1274 571 1304 eius
585 1271 685 1303 edidit
697 1272 731 1302 in
746 1271 906 1313 Religion
920 1271 980 1303 der
998 1270 1186 1313 Carthager
1201 1270 1267 1302 tab.
1280 1274 1300 1303 2
1323 1271 1364 1303 cf.
1377 1283 1407 1315 p.
1422 1275 1495 1311 171,
1519 1278 1551 1304 et
1564 1282 1641 1304 mox
1653 1282 1726 1304 cum
1742 1271 1945 1313 Huunanvo,

324 1332 377 1374 qni
405 1332 564 1372 integram
593 1328 692 1359 edidit
721 1327 851 1369 (cippes
881 1326 1073 1369 sepulcraux
1101 1338 1171 1370 pag.
1193 1327 1250 1366 8),
1285 1327 1375 1376 ‘unde
1403 1337 1473 1360 eam
1504 1329 1634 1371 repetiit
1653 1328 1876 1368 Eandem,
1909 1331 1943 1362 iu

324 1386 460 1420 diatrihe
483 1385 523 1416 ad
547 1395 578 1427 p.
599 1386 652 1415 36.
695 1383 812 1415 Postea
834 1382 1032 1416 Humbertus
1064 1382 1282 1426 apographum
1304 1382 1502 1427 Borgianum
1525 1383 1634 1427 paullo
1655 1383 1840 1428 diligentius
1862 1385 1944 1419 deli-

327 1444 451 1476 neando
481 1442 624 1473 imitatus
652 1446 718 1478 est,
758 1439 840 1481 quod
872 1440 998 1482 quidem
1021 1438 1203 1482 exemplum
1225 1439 1431 1473 Hanakertu
1453 1441 1554 1473 edidit
1574 1442 1615 1473 inv
1631 1439 1810 1475 Miscellan.
1840 1442 1903 1475 tab.
1923 1446 1942 1475 2

325 1512 378 1533 no.
400 1502 420 1531 3
456 1497 517 1539 (cf.
548 1496 646 1539 praei.
666 1507 702 1538 .p.
733 1495 821 1536 IX),
858 1496 946 1537 prius
974 1495 1053 1527 illud
1082 1498 1128 1528 ita
1155 1504 1373 1538 comparatum
1402 1507 1474 1529 ease
1504 1496 1688 1538 affirmans,
1724 1505 1759 1530 ut
1787 1498 1941 1541 explicari

324 1556 515 1599 nequiverit.
566 1553 630 1584 Sed
659 1553 755 1583 etiam
785 1550 844 1583 hoc
875 1562 992 1583 novum
1023 1551 1206 1594 exemplum
1234 1554 1365 1584 minime
1388 1554 1544 1595 integram
1567 1561 1807 1595 repraesentare
1826 1554 1942 1598 lapidis

325 1613 519 1655 imaginem,
550 1609 690 1641 ostendit
711 1618 828 1639 novum
852 1607 1091 1650 apographum,
1118 1608 1202 1650 quod
1225 1608 1256 1640 in
1280 1609 1394 1640 itinere
1412 1608 1583 1641 Tunetano
1600 1612 1681 1642 1833
1697 1620 1738 1642 ex
1751 1611 1823 1654 ipso
1837 1610 1942 1655 lapide

325 1670 400 1701 fecit
424 1667 519 1700 modo
541 1671 734 1710 memoratus
757 1663 810 1695 Sir
830 1662 1030 1695 Gru-:svium
1049 1663 1194 1696 Tanau:
1210 1671 1243 1696 et
1257 1664 1358 1696 edidit
1370 1666 1405 1696 ia
1421 1664 1620 1698 Excursions
1634 1667 1668 1698 in
1685 1666 1738 1698 the
1753 1666 1944 1701 Mediterra-

327 1736 420 1757 nean.
451 1722 529 1755 vol.
549 1722 592 1755 11.
615 1733 645 1764 p.
668 1723 741 1753 3⁵2.

454 1826 486 1854 2.
529 1821 566 1853 lu
595 1819 785 1862 explicando
814 1819 875 1851 hoc
904 1817 995 1850 titulo
1018 1829 1132 1859 nemo,
1163 1820 1248 1863 quod
1269 1820 1388 1858 sciam,
1419 1820 1585 1862 ingenium
1607 1822 1752 1853 exercuit
1771 1822 1798 1864 ⁸)
1821 1831 1945 1866 praeter

327 1879 546 1911 Hamakerum
570 1879 604 1908 in
627 1875 763 1908 diatrihe
787 1876 834 1918 (p.
858 1877 994 1907 36-63
1017 1886 1085 1918 sqq.
1095 1875 1119 1917 ),
1146 1877 1200 1918 qui
1223 1887 1265 1908 ex
1288 1876 1389 1918 primo
1411 1875 1594 1918 apographo
1616 1876 1779 1920 Borgiano
1801 1881 1944 1922 pendens

327 1934 519 1979 epigraphes
542 1933 680 1965 Punicae
705 1932 787 1963 hanc
810 1931 896 1963 dedit
918 1939 950 1962 et
971 1930 1141 1963 lectionem
1164 1939 1195 1964 et
1218 1932 1526 1975 interpretationem:

825 2020 862 2044 πυ
887 2021 948 2054 τηρ
972 2021 1109 2056 »πυ-ρ
1131 2022 1242 2046 mem-x
1269 2013 1378 2054 πωπω
1402 2012 1464 2054 ππ)

908 2070 975 2102 nbn
998 2067 1055 2101 'nn
1078 2077 1180 2113 privs
1203 2078 1282 2103 τευ-ι
1305 2070 1374 2103 burt
1397 2075 1462 2102 ιιι-ιη

990 2134 1082 2158 uzon
1101 2134 1243 2169 svn-72
1265 2127 1352 2160 mab
1376 2133 1462 2158 πυτ

1268 2192 1378 2224 τεῦ-ηπ
1400 2183 1465 2223 rubr:

700 2247 790 2280 1³0:st
815 2239 937 2282 (wbm
967 2238 1146 2280 (ouon-r)
1172 2263 1202 2270 ..
1227 2240 1342 2274 abt-in:-
1373 2247 1460 2273 *ινιτ

748 2303 810 2339 'qna
834 2296 990 2336 (obibam
1019 2296 1090 2337 τοὺ
1115 2305 1258 2330 „wem
1283 2297 1463 2341 (7)7(7=)n

759 2359 795 2394 7:
819 2352 902 2391 (ab)
925 2360 1021 2393 τισι-ιη
1046 2352 1142 2396 7²⁷³(7)
1167 2354 1271 2397 inab
1294 2355 1361 2389 ’xm
1386 2361 1462 2387 wan

385 2481 408 2515 ’Ἰ
436 2482 504 2508 Nam
530 2481 579 2508 vix
604 2480 631 2506 in
657 2480 729 2505 hunc
753 2485 987 2509 censum-vocare
1008 2478 1099 2505 licebit
1169 2480 1238 2506 tituli
1256 2481 1374 2507 lectione
1395 2480 1524 2507 nonnulla
1540 2479 1628 2507 obiter
1645 2481 1803 2509 observavit
1825 2484 1943 2518 (Excur-

331 2532 417 2565 ipsum
432 2529 600 2564 Templinm,
627 2528 673 2563 qui
686 2527 749 2554 licet
762 2528 909 2554 litterarum
925 2527 1100 2553 Orientalium
1171 2531 1236 2554 siuns
1269 2530 1295 2554 ll
1322 2537 1381 2564 pag.
1398 2529 1534 2556 ³16-18
1542 2526 1560 2560 ).

333 2588 361 2605 se
376 2579 464 2605 minus
483 2577 598 2612 peritum
619 2585 680 2604 esse
698 2577 815 2603 fateatur
830 2595 838 2607 ‚
862 2579 950 2602 tamen
968 2575 1002 2601 de
1024 2575 1102 2601 huius

1867 2647 1890 2666 V
