2242 2976
473 281 592 316 NUMI
612 281 864 315 PHOENICES
886 280 1112 315 PROPRIAE.
1154 281 1212 314 111.
1237 279 1356 313 Acco
1381 280 1415 313 S.
1442 280 1707 314 PTOLEMAIS.
1831 283 1905 320 269

279 389 306 411 Ι.
337 376 467 409 Cretam
496 378 722 419 iuterpretatur
748 378 799 408 vir
826 374 1039 414 venerabilis,
1074 387 1171 419 quum
1200 375 1294 407 liuius
1327 386 1419 407 vera·
1432 377 1590 418 scriptura
1619 383 1710 411 nnn:
1734 385 1776 407 ex
1798 374 1838 407 V.
1864 375 1905 407 Τ.

279 435 361 467 satis
391 434 521 476 cognita
548 434 600 465 sit.
651 432 747 473 Quod
774 434 860 464 enim
889 431 1036 464 Swinton
1066 443 1108 464 ex
1139 442 1236 464 numo
1265 434 1401 474 quodam
1431 432 1654 475 exsculpserat
1684 441 1772 473 772:
1796 434 1904 474 raab,

278 490 373 534 plane
396 491 435 522 de
451 489 552 522 nihilo
575 500 665 528 esse,
688 489 774 521 infra
787 482 966 534 videbimus
989 490 1059 528 (no.
1076 488 1225 529 XXIII).
1267 488 1442 528 Pellerinii,
1465 488 1655 530 Tychsenii,
1678 488 1797 530 Bayeri
1811 488 1906 521 huius

279 548 470 592 epigraphes
492 545 725 589 explicationes
747 552 859 584 taceo,
897 547 1011 588 quippe
1033 547 1099 577 iam
1122 545 1162 577 ab
1184 544 1342 576 Eckhelio
1365 552 1450 577 recte
1474 544 1634 588 explosas.

407 637 437 666 6.
480 630 660 674 Singularis
683 636 733 662 est
754 631 919 673 inscriptio
942 632 975 662 in
998 631 1122 673 postica
1138 629 1365 662 nonnullorum
1382 629 1589 662 Sidoniorum
1609 629 1648 661 ab
1668 637 1802 673 utraque
1815 638 1906 674 parte

280 692 416 723 duorum
441 698 595 721 cornuum
620 689 749 730 copiae,
774 687 857 729 apud
879 686 1082 718 Mionnetum
1106 686 1168 718 tab.
1192 686 1325 725 XXIV,
1350 697 1400 718 no.
1420 689 1559 718 24—27
1585 687 1688 728 (apud
1710 698 1768 718 nos
1790 686 1851 719 litt.
1866 686 1906 720 Y.

281 746 317 779 Z.
348 745 419 778 AA.
449 744 528 786 BB)
558 745 671 787 partim
701 742 824 775 litteras
853 744 1021 775 continens
1050 744 1175 785 punctis
1208 744 1374 775 distinctas
1410 744 1466 784 (in
1497 742 1611 785 quibus
1640 754 1704 774 una
1734 750 1783 775 est
1813 742 1906 775 valde

280 801 412 835 insolita
433 803 462 841 §-
486 803 546 839 34,
570 801 628 842 1),
666 801 782 842 partim
811 799 992 831 numerales
1015 807 1087 842 post
1109 808 1160 833 nm
1191 800 1232 841 (i.
1257 811 1284 831 e.
1313 809 1378 833 nm
1401 800 1529 840 anno),
1560 810 1640 841 quae
1664 799 1774 831 valent
1797 799 1906 838 CXX,

280 857 415 897 XLVI,
440 856 584 897 CXLV,
610 855 761 888 CXLVI.
803 856 854 888 De
882 855 947 888 illis
973 856 1090 888 litteris
1121 862 1228 888 autem
1251 867 1425 899 earumque
1446 854 1683 898 significatione
1706 855 1751 887 nil
1774 855 1906 895 definio,

281 925 462 958 quanquam
486 912 632 957 singulae
656 920 751 944 notae
773 919 858 945 suut.

662 1026 734 1058 111.
778 1025 943 1059 Acco
981 1035 1079 1058 SEU
1111 1026 1524 1060 PTOLEMAIS.

407 1104 498 1137 Acco
529 1104 605 1146 (52³3
626 1102 695 1134 Iud.
720 1106 757 1142 1,
781 1105 819 1134 31
852 1108 884 1133 et
918 1102 1004 1144 apud
1033 1101 1251 1134 Talmudistas
1281 1114 1313 1137 v.
1341 1103 1521 1146 Lightfooti
1544 1104 1626 1147 Opp.
1648 1103 1688 1136 T.
1712 1104 1750 1136 II.
1778 1116 1808 1147 p.
1832 1107 1906 1143 218,

272 1173 348 1215 ’Άκη
383 1172 486 1205 Strab.
522 1171 627 1210 XVI,
658 1174 678 1203 2
706 1171 734 1208 ξ.
765 1172 816 1201 25.
853 1169 1007 1212 Stephan.
1039 1169 1119 1212 Byz.
1149 1170 1239 1202 Suid.
1272 1170 1431 1213 Harpocr.
1465 1171 1497 1203 h.
1521 1183 1569 1211 v.,
1607 1173 1694 1205 arab.
1717 1164 1771 1206 CC.
1793 1179 1824 1204 et
1842 1153 1908 1205 {a

279 1232 392 1265 Abulf.
417 1232 488 1274 Syr.
509 1243 538 1274 p.
559 1234 610 1263 82.
630 1233 682 1262 83.
713 1228 775 1261 Gol
807 1229 848 1260 ad
868 1228 991 1272 Alferg.
1014 1241 1043 1272 p.
1065 1232 1138 1261 131.
1183 1229 1367 1262 Schultens.
1398 1231 1463 1263 ind.
1485 1243 1597 1275 geogr.
1630 1232 1662 1264 h.
1688 1234 1762 1274 v.),
1797 1238 1908 1275 postea

281 1291 380 1321 etiam
401 1287 575 1320 Ptolemais
598 1288 682 1319 dicta
705 1286 752 1329 (v.
778 1285 913 1318 Reland.
934 1285 1072 1317 Palaest.
1094 1297 1125 1328 p.
1148 1288 1350 1328 534—42),
1381 1287 1477 1318 hodie
1500 1288 1546 1319 St.
1569 1289 1648 1320 Jean
1673 1289 1806 1327 d’Acre,
1830 1288 1908 1320 urbs
1946 1326 1958 1331 „

281 1346 444 1377 maritima
473 1343 674 1376 Palaestinae
704 1341 983 1385 septentrionalis,
1016 1341 1086 1373 Iud.
1111 1345 1146 1381 1,
1169 1345 1206 1374 31
1242 1343 1379 1385 (pariter
1409 1351 1503 1386 atque
1534 1344 1656 1386 Sidon)
1688 1344 1908 1376 Asseritarum

281 1402 399 1440 tribui,
425 1401 482 1433 sed
504 1411 522 1431 a
545 1399 678 1432 Graecis
702 1405 885 1431 constanter
905 1398 1099 1430 Phoeniciae
1123 1405 1318 1431 accensetur.
1362 1399 1468 1431 Huius
1491 1402 1580 1432 numi
1595 1408 1723 1432 exstant
1739 1400 1907 1443 phoenicia

282 1458 427 1500 inscripti
451 1463 517 1488 tum
540 1457 649 1494 aurei,
680 1463 747 1487 tum
772 1457 918 1498 argentei
940 1454 1000 1486 sub
1022 1454 1210 1487 Alexandro
1227 1455 1349 1499 Magno
1372 1457 1456 1494 cusi,
1482 1459 1628 1499 perparvi
1645 1468 1756 1489 omnes
1770 1456 1906 1495 moduli,

281 1525 362 1557 quos
392 1513 570 1545 delineatos
600 1513 756 1544 dederunt
785 1511 995 1552 Barthesslemy
1024 1512 1058 1543 in
1088 1510 1232 1543 Journal
1258 1512 1315 1544 dee
1342 1512 1472 1545 Savum
1495 1515 1587 1545 1760.
1624 1515 1794 1553 Pellerin,
1825 1514 1908 1545 Rois

281 1569 330 1602 Pl.
351 1569 391 1607 H,
417 1573 445 1601 1.
461 1572 490 1600 2.
505 1571 535 1600 3.
566 1568 743 1611 Melangee
764 1567 792 1606 Ῑ,
811 1579 843 1610 p.
861 1570 932 1599 140.
955 1567 1020 1599 tab.
1037 1572 1069 1606 4,
1085 1570 1114 1600 5.
1139 1567 1253 1610 Suppl.
1271 1568 1321 1600 IV
1336 1580 1365 1611 p.
1383 1572 1434 1601 61.
1465 1569 1596 1601 Dutene
1617 1570 1694 1602 diss.
1716 1569 1758 1609 ΙΙ,
1782 1570 1848 1602 tab.
1874 1573 1905 1602 2.

281 1627 516 1668 descripserunt
545 1624 701 1656 Mionnet
724 1624 757 1663 1,
781 1635 810 1666 p.
837 1626 910 1656 520.
939 1623 1003 1655 tab.
1025 1627 1083 1664 21,
1113 1635 1167 1656 no.
1193 1627 1321 1656 1—10.
1359 1624 1469 1667 Suppl.
1491 1625 1555 1664 ΙΙΙ,
1588 1625 1630 1668 pl.
1654 1630 1691 1666 2,
1723 1638 1775 1658 no.
1803 1628 1905 1658 1-7,

280 1682 447 1725 Lindberg
463 1693 494 1724 p.
508 1684 560 1713 49.
591 1681 631 1713 cf.
655 1680 863 1713 Bellermann
883 1679 905 1712 l.
923 1691 951 1712 c.
990 1679 1034 1719 II,
1052 1684 1102 1713 12.
1125 1680 1183 1720 III,
1198 1683 1249 1713 38.
1293 1680 1388 1724 Kopp
1410 1682 1453 1721 II,
1470 1685 1532 1714 204
1547 1682 1588 1713 al.

410 1760 593 1792 Aureorum
614 1766 708 1801 typus
730 1759 784 1791 hic
807 1767 871 1791 est:

286 1831 394 1873 Caput
408 1830 562 1862 Palladis·
578 1831 748 1872 galeatum
766 1830 810 1861 ad
824 1829 934 1861 dextr.
958 1829 985 1870 )(
1013 1829 1161 1861 Victoria
1177 1834 1268 1862 stam
1284 1830 1329 1861 ad
1342 1834 1416 1869 ein„
1441 1831 1564 1863 dextra
1581 1842 1743 1871 coronam,
1769 1834 1907 1863 sinistra

284 1887 460 1919 tridentem
483 1890 608 1918 tenens.
653 1885 981 1922 ΑΛΕΞΑΝΔΡΟΥ.
1026 1887 1076 1918 Ad
1098 1888 1196 1929 pedes
1217 1886 1343 1918 litterae
1364 1893 1424 1930 Ἲς,
1453 1889 1570 1920 additis
1593 1899 1747 1920 annorum
1765 1889 1907 1919 numeris

284 1944 297 1984 (
311 1946 351 1975 23
363 1942 480 1984 —33).
524 1941 611 1974 Vide
626 1953 686 1974 nos
699 1942 759 1974 litt.
776 1942 808 1981 1,
840 1943 879 1974 de
897 1954 960 1986 quo
980 1944 1074 1975 infra.

410 2013 648 2057 Argenteornm
672 2012 725 2044 hic
736 2023 744 2044 x

287 2078 395 2122 Caput
417 2078 575 2110 Herculis
596 2078 759 2116 iuvenile,
790 2076 952 2115 mberbe‚
983 2079 1116 2109 exuviis
1139 2077 1243 2109 leonis
1265 2082 1383 2109 tectum
1401 2079 1446 2110 ad
1462 2079 1624 2111 dextram.
1648 2080 1674 2120 )(
1694 2078 1908 2115 ΑΛΕΞΑΝ-

284 2136 412 2168 ΔΡΟῩ.
463 2135 597 2179 Iupiter
625 2134 670 2166 ad
699 2137 760 2165 sin.
789 2133 922 2171 sedem,
951 2132 1074 2165 dextra
1103 2138 1245 2165 extensa
1273 2135 1432 2176 aquilam,
1472 2139 1609 2167 sinistra
1639 2136 1793 2174 hamma
1813 2136 1908 2175 iufra

285 2192 439 2224 dextram
467 2191 594 2223 litterae
626 2197 666 2234 Ἰ»
697 2200 872 2233 perparvae
903 2200 973 2221 cum
1006 2190 1104 2222 cifris.
1149 2190 1233 2222 Vide
1262 2190 1322 2222 litt.
1346 2191 1376 2222 A
1400 2202 1440 2223 ex
1463 2191 1589 2224 Dutens
1611 2192 1698 2225 Diss.
1722 2193 1764 2232 ΙΙ,
1788 2193 1852 2224 tab.
1879 2196 1907 2224 2.

285 2247 381 2280 Plura
403 2250 472 2280 eius
498 2247 647 2290 exempla
669 2249 702 2279 in
726 2246 842 2278 Museo
864 2244 1052 2278 Britannico
1075 2247 1160 2285 vidi,
1190 2246 1306 2278 litteris
1329 2248 1373 2278 ita
1396 2251 1521 2290 parvis,
1550 2256 1584 2281 ut
1606 2249 1707 2282 oculis
1730 2248 1907 2281 inermibus

287 2305 342 2335 vix
364 2306 452 2336 cerni
473 2311 617 2347 possent.

413 2382 502 2420 Quas
525 2393 584 2414 nos
607 2383 752 2415 dedimus
766 2381 969 2425 epigraphes,
991 2392 1048 2413 eae
1070 2383 1187 2424 petitae
1209 2389 1283 2414 sunt
1297 2382 1360 2414 litt.
1375 2382 1413 2415 B.
1427 2382 1463 2416 C.
1478 2383 1517 2415 D.
1536 2395 1577 2416 ex
1593 2383 1753 2416 Mionneti
1768 2383 1832 2416 tab.
1853 2387 1904 2421 21,

287 2436 346 2469 litt.
358 2438 395 2470 E.
414 2449 455 2471 ex
477 2438 627 2481 exemplo
642 2438 750 2471 Musei
765 2438 954 2477 Britannici,
977 2437 1037 2470 litt.
1052 2438 1088 2470 F.
1105 2437 1142 2472 G.
1160 2438 1202 2471 H.
1217 2450 1259 2472 ex
1275 2439 1432 2472 Mionneti
1448 2439 1558 2482 suppl.
1577 2440 1624 2472 111
1646 2440 1711 2472 tab.
1731 2444 1770 2478 2,
1793 2450 1904 2471 omnes

288 2493 464 2535 paullulum
486 2497 519 2527 in
542 2497 645 2527 maius
669 2503 791 2528 auctae.

414 2571 504 2606 Duas
524 2573 647 2607 litteras
663 2580 704 2620 '3³’
721 2574 875 2617 legendas
890 2585 960 2606 esse
978 2581 1009 2606 et
1020 2575 1105 2607 idem
1120 2585 1191 2607 esse
1205 2576 1288 2618 quod
1304 2580 1376 2617 'iaz-⁹,
1400 2576 1522 2617 primus
1538 2576 1646 2607 docuit
1660 2573 1905 2615 Barthelemyus

288 2626 309 2659 l.
320 2638 357 2666 c.,
373 2637 476 2670 neque
486 2629 631 2663 dubitare
647 2631 784 2664 debebat
795 2629 970 2664 Eckhelius
977 2630 1119 2671 111‚4os.
1147 2630 1315 2674 Utcunque
1331 2632 1416 2663 enim
1432 2632 1557 2664 diversa
1572 2638 1621 2663 est
1634 2630 1763 2662 alterius
1780 2630 1905 2663 litterae
