2242 2976
730 241 932 276 LINGUAE
954 241 1150 276 INDOLES
1172 241 1232 275 m·
1254 241 1481 276 HISTORIA.v

1844 246 1918 282 333

288 337 401 371 formis
429 343 534 370 tamen
565 335 735 376 Arabicis,
773 337 883 379 Syris,
924 335 1115 376 Chaldaeis,
1152 336 1363 369 samaritanis
1393 338 1484 369 vario
1506 336 1602 369 modo
1624 343 1831 379 temperatam
1852 345 1917 369 sta·

288 401 382 427 munt
402 394 448 436 ¹⁸),
478 395 512 426 in
544 404 607 437 qna
634 395 812 436 posteriore
835 395 995 426 sententia
1017 395 1113 425 etiam
1142 400 1238 436 atque
1268 394 1364 425 etiam
1395 394 1610 426 asseveranda
1637 404 1764 426 omnem
1785 394 1915 426 modum

287 451 416 483 excedit
442 450 665 489 Hamakerus,
696 451 751 493 qui
771 449 859 482 illam
883 450 923 482 de
943 449 1055 494 lingua
1077 449 1252 482 Phoenicia
1274 449 1444 482 Hebraeae
1465 449 1630 483 simillima
1652 457 1747 493 atque
1768 451 1916 493 proxima

287 508 471 550 opinionem
486 517 669 550 perversam
689 513 784 549 atque
799 508 1002 539 temerariam
1022 506 1188 550 appellans
1210 517 1253 538 ex
1273 507 1470 538 eruditorum
1488 507 1604 539 animis
1620 507 1846 540 eradicandam
1860 506 1914 549 **),

287 574 463 607 omnesque
483 562 612 607 linguas
635 563 821 603 Semiticas,
852 569 945 606 prout
967 564 1159 595 coniecturis
1181 564 1250 595 snis
1278 564 1436 603 inservire
1459 574 1553 605 posse
1579 563 1788 604 videbantur,
1827 573 1915 595 com·

286 621 445 659 miscens,
470 619 613 663 lingnam
630 620 786 662 quandam
801 619 1090 652 Phoeniciam-sibi
1102 619 1196 662 fingit
1209 630 1230 650 a
1241 629 1319 651 vera
1333 618 1430 662 longe
1452 618 1602 652 alienam.
1648 619 1681 652 Is
1702 621 1787 652 enim
1811 619 1916 671 Pheg-

286 677 457 708 nicismnm
485 675 566 708 nulli
595 675 732 708 dialecto
762 675 934 708 Semiticae
952 687 1010 719 per
1031 678 1142 708 omnia
1163 675 1302 708 similem
1324 686 1415 715 esse,
1453 677 1548 708 modo
1571 677 1610 708 ad
1633 675 1837 709 Arabismum
1859 677 1914 718 m)

287 733 384 765 modo
407 733 448 765 ad
470 732 669 774 Syriasrnum
690 731 848 764 inclinare
870 732 932 775 †),
958 743 1018 765 nec
1040 743 1114 764 raro
1133 732 1431 764 Samaritanismum
1454 733 1635 775 exprimere
1650 733 1807 772 affirmat,
1830 732 1930 775 qnod,

286 789 416 832 quidem
431 799 525 821 nemo
539 790 690 829 miretur,
704 790 759 833 qni
774 789 994 822 Samaritanos
1010 801 1030 822 a
1045 789 1189 822 Sidoniis
1202 790 1361 832 originem
1377 790 1494 822 ducere
1509 790 1590 822 sciat
1605 789 1684 833 ’1-1‘).
1709 790 1834 822 Poenos
1849 799 1912 821 non

286 909 401 935 eandem
424 907 583 935 sententiam
601 908 718 943 professi
741 912 804 935 sunt
821 908 852 935 F.
871 910 902 936 Ρ.
919 909 1066 942 Bantius,

286 956 390 983 Sura.
403 957 617 992 Qua-raanan,
636 961 664 983 et
681 957 829 988 munimem
843 957 953 991 quidem
963 961 1066 991 partem

285 1004 537 1038 namuurum,
555 1005 771 1038 mun-snmus,
793 1009 823 1031 ut
841 1005 947 1031 nescias
966 1004 1066 1031 maior-

284 1061 320 1079 ne
347 1053 381 1079 sit
405 1052 556 1089 ignorantia
582 1061 617 1079 an
641 1052 794 1089 arrogantia
819 1052 932 1086 Wihlii,
967 1052 1013 1087 qui
1038 1062 1066 1079 se

283 1101 399 1136 primum
428 1101 508 1127 huius
536 1101 686 1129 sententiae
710 1101 882 1129 inventorem
905 1101 987 1128 iactat
1011 1101 1065 1136 (de

284 1149 370 1176 inser.
383 1151 486 1176 Phoen.
511 1158 539 1184 p.
556 1149 617 1182 50).

335 1198 364 1231 *)
391 1197 430 1224 Ita
451 1207 516 1232 prae
535 1198 632 1225 ceteris
650 1198 842 1232 Bocrunrus,
874 1197 951 1232 isque
974 1202 1066 1224 tamen

285 1251 314 1273 et
325 1247 430 1273 doctius
447 1251 474 1273 et
487 1247 572 1282 magis
585 1246 676 1273 sobrie
690 1255 772 1281 agens
781 1266 789 1280 ,
810 1255 889 1281 quam
903 1246 949 1281 qui
963 1251 1065 1274 temere

285 1295 344 1321 eius
360 1294 483 1331 vestigiis
496 1295 669 1329 insistebant,
688 1295 840 1328 Cnsmcus,
859 1295 1065 1328 Mrzoccums,

285 1344 469 1377 Mwwouus,
487 1343 659 1371 saronas
672 1343 708 1377 (§.
721 1343 773 1377 11)
785 1352 793 1375 ;
812 1349 838 1370 et
850 1348 941 1370 nostra
957 1344 1065 1378 quidem

286 1397 373 1420 aetate
397 1392 538 1419 Anninus
555 1393 673 1419 Parnon
698 1391 744 1426 (v.
771 1402 797 1427 p.
818 1392 903 1426 279),
935 1394 1064 1419 Korrrus

283 1445 379 1468 contra
396 1440 582 1475 Tychsenium
594 1445 621 1467 et
629 1441 823 1467 Hartmannum
837 1441 977 1475 disputans
990 1441 1067 1474 (Bil-

284 1490 334 1516 der
360 1490 416 1515 und
438 1488 576 1516 Schriften
608 1488 651 1522 11,
677 1489 765 1524 183),
804 1490 894 1519 Mrcn.
926 1490 1064 1522 Lauerna,

283 1538 383 1573 passim
398 1537 479 1564 etiam
502 1538 719 1571 Lmnaencrus,
747 1538 794 1572 qui
811 1542 901 1564 tamen
918 1545 1013 1564 omnes
1031 1538 1065 1564 ad

283 1586 462 1622 Syriasmumr
476 1590 503 1612 et
522 1586 693 1613 Arabismum
711 1586 823 1613 nonnisi.
840 1586 999 1613 necessitate
1019 1595 1065 1612 ur-

284 1639 364 1673 gente
377 1639 413 1667 et,
430 1638 460 1661 ut
474 1643 569 1662 verum
585 1634 680 1668 dicam,
694 1635 741 1661 ubi
753 1635 898 1661 Phoenicia
914 1635 983 1661 male
996 1635 1066 1661 lecta

283 1685 319 1710 ad
334 1683 522 1710 Hebraismum
545 1683 642 1710 referri
660 1691 715 1710 non
733 1688 873 1718 poterant,
896 1683 1065 1719 confugiunt.

282 1732 412 1759 Punicam
446 1732 566 1767 linguam
598 1740 633 1758 ex
658 1732 779 1765 pluribus
808 1731 929 1758 dialectis
954 1732 1066 1758 mixtam

285 1789 346 1808 esse
370 1780 450 1807 etiam
475 1780 663 1807 Anuuumus
688 1780 802 1806 affirmat
829 1779 1021 1812 (Mithridates
1041 1779 1065 1814 1,

284 1838 312 1864 p.
330 1828 411 1862 352).

335 1876 380 1910 **)
402 1875 539 1903 Diatrihes
568 1884 596 1910 p.
614 1875 657 1903 65.
675 1875 828 1903 Miscellan.
846 1876 933 1911 praef.
947 1885 975 1911 p.
989 1876 1064 1904 VIII.

336 1925 396 1959 ***)
428 1925 580 1952 Miscellan.
607 1932 669 1960 pag.
693 1926 756 1951 112:
790 1926 849 1961 Ego
874 1933 943 1952 vero
972 1941 1066 1951 .....

284 1976 338 2002 hoc
364 1973 430 2000 mihi
461 1973 609 2000 certissime
642 1974 809 2008 persuadeo,
844 1974 963 2010 lingnam
987 1974 1065 2000 istam

283 2021 496 2057 (Phoenicium)
532 2030 589 2048 non
608 2022 748 2059 ‘Syriacis
783 2026 886 2049 tantum
923 2022 1065 2050 vocabulis

284 2071 432 2105 formisque
446 2090 455 2104 ‚
500 2071 545 2096 sed
576 2072 696 2096 Arabicis
729 2073 804 2096 etiam
833 2073 954 2097 scatuisse
965 2090 973 2104 ,
1013 2070 1064 2097 etsi

282 2120 449 2153 Hebraicae,
481 2128 560 2154 quam
577 2119 674 2145 ceteris
694 2119 830 2152 dialectis,
849 2119 961 2146 similior
973 2119 1064 2146 fuerit.

285 2170 371 2203 Quam
386 2167 545 2195 sententiam
564 2167 648 2194 tribus
661 2167 778 2194 maxime
793 2168 827 2194 de
840 2167 926 2194 causis
940 2168 1064 2202 probavi.

283 2218 350 2244 Nam
378 2217 494 2251 primum
517 2217 617 2243 multae
640 2216 830 2250 inscriptiones
853 2220 915 2242 sunt
935 2220 962 2242 et
980 2216 1064 2250 numi,

283 2274 325 2292 et
347 2265 442 2300 quibus
469 2269 496 2291 te
522 2273 658 2299 nunquam
682 2264 829 2298 expedias,
861 2264 914 2290 nisi
936 2273 1009 2291 nunc
1029 2265 1064 2291 ad

285 2314 449 2348 Syriasmnm
466 2322 538 2340 nunc
557 2314 590 2339 ad
608 2313 780 2341 Arabismnm
797 2312 967 2349 confugeris,
992 2313 1064 2347 qnod

286 2362 320 2388 de
348 2362 436 2388 numia
460 2361 617 2396 praesertim
641 2361 754 2388 inferius
772 2361 908 2395 apparebit
931 2361 1015 2394 [vide
1030 2362 1064 2388 de

285 2410 327 2436 his
344 2402 490 2437 Hainakeri
517 2410 760 2444 explicationibus,
795 2418 863 2444 qnae
883 2414 986 2435 tantum
1008 2418 1064 2436 non

285 2465 379 2488 omnes
406 2459 474 2485 salsa
498 2458 616 2485 lectione
643 2458 780 2492 nituntur,
809 2467 890 2492 supra
913 2466 974 2494 pag.
1000 2458 1062 2486 204.

286 2507 346 2532 207.
369 2507 429 2533 266.
455 2507 617 2534 279-281.
642 2508 695 2535 290
712 2508 746 2535 al.
777 2507 813 2533 οἱ.
837 2507 953 2533 Miscell.
972 2516 999 2541 p.
1019 2509 1061 2534 17.

287 2555 330 2580 20.
349 2555 408 2580 138.
428 2555 486 2581 139.
506 2556 556 2581 150
569 2554 638 2589 al.]:
666 2556 727 2582 dein
746 2556 817 2582 haud
838 2564 940 2589 paucae
957 2556 1062 2591 glossae

287 2606 348 2628 sunt
366 2606 392 2628 et
408 2602 517 2628 nomina
533 2603 654 2638 propria,
672 2604 700 2631 in
717 2604 812 2638 quibus
824 2604 912 2630 statim
926 2604 1061 2631 Arabicae

1134 909 1242 945 linguae
1256 907 1372 944 vestigia
1387 916 1518 944 agnosces
1538 908 1587 944 [cf.
1601 917 1652 936 nos
1665 909 1744 936 huius
1755 908 1816 936 libri
1835 907 1855 943 §.
1869 909 1913 935 16.

1135 959 1179 984 18.
1195 956 1248 991 21]
1260 961 1421 991 :postremo
1442 958 1513 984 idem
1532 959 1613 985 docet
1630 958 1784 994 diligentior
1799 956 1913 984 investi-

1134 1005 1208 1041 gatio
1235 1013 1328 1032 eorum
1354 1007 1568 1040 vocabulorum,
1595 1015 1664 1040 quae
1688 1016 1703 1033 a
1728 1006 1914 1040 Phoenicilms

1134 1053 1272 1086 accepisse
1295 1053 1424 1083 videntur
1449 1054 1560 1081 Graeci:
1587 1064 1656 1089 quae
1678 1063 1722 1081 res
1742 1072 1783 1082 ...
1795 1072 1803 1081 .
1822 1053 1913 1088 paucis

1134 1102 1295 1128 declaranda
1313 1101 1384 1128 est-“
1419 1101 1557 1128 Provocat
1575 1102 1638 1129 dein
1658 1104 1692 1129 ad
1712 1103 1763 1129 tria
1780 1103 1914 1130 vocabula

1134 1158 1245 1186 graeca,
1278 1158 1390 1184 quarum
1421 1150 1499 1186 origo
1530 1150 1648 1177 Arabica
1685 1151 1832 1178 certissima
1862 1150 1911 1177 sit:

1132 1197 1263 1236 paonis-lc
1281 1209 1298 1226 a
1309 1194 1390 1235 ,juxt-‚t
1410 1200 1455 1228 vir
1471 1206 1597 1228 strennus
1608 1221 1617 1235 ,
1643 1203 1725 1228 heros
1745 1202 1867 1237 [quidni‚
1889 1201 1913 1228 si

1133 1252 1215 1278 modo
1222 1251 1365 1278 Semiticae
1380 1252 1492 1287 originis
1510 1257 1560 1286 est,
1580 1262 1596 1279 a
1613 1246 1684 1280 bizim
1695 1253 1730 1287 ?].
1743 1252 1840 1288 λαῖφος
1848 1261 1907 1286 pan·

1132 1312 1195 1337 nus,
1213 1304 1305 1331 velum
1315 1302 1393 1330 navis
1411 1311 1427 1329 a
1443 1296 1646 1339 Qlanugo,
1663 1304 1826 1330 filamentnm
1845 1303 1912 1336 [imo

1133 1352 1242 1388 λαῖφος,
1263 1363 1317 1381 una
1330 1363 1391 1381 cum
1403 1351 1510 1388 zanoe,
1533 1351 1612 1387 λώπη
1624 1358 1664 1380 est
1677 1354 1912 1391 indogermanicae

1133 1402 1246 1438 originis
1269 1406 1296 1429 et
1323 1407 1467 1439 cognatum
1495 1408 1590 1430 nostro
1611 1406 1734 1437 Lappa,
1762 1401 1912 1436 LumpenJ,

1629 1443 1645 1455 ‘-

1133 1470 1241 1502 Λοξίας
1263 1470 1399 1505 Apollinis
1423 1470 1577 1497 attributum
1596 1450 1676 1514 (αξ-8
1695 1470 1827 1507 aenigma,
1848 1478 1912 1496 ora-

1134 1521 1174 1548 tio
1198 1522 1312 1549 obscura
1344 1521 1436 1557 [quod
1462 1519 1668 1556 ipsnm'nescio
1691 1531 1742 1555 an,
1775 1526 1805 1548 ut
1828 1523 1911 1548 multa

1134 1569 1186 1596 alia
1201 1570 1328 1604 Arabica,
1347 1579 1383 1597 ex
1398 1578 1497 1607 graeco
1514 1569 1596 1603 λοξός
1616 1570 1748 1607 originem
1769 1569 1878 1597 duxerit
1887 1568 1910 1604 ].

1135 1617 1179 1645 Cf.
1197 1618 1267 1645 infra
1284 1618 1304 1652 ᾗ.
1321 1621 1365 1646 21.

1185 1665 1212 1700 †)
1234 1667 1320 1693 Diatr.
1340 1676 1367 1701 p.
1387 1667 1514 1694 65—67.

1185 1713 1237 1748 ††)
1260 1716 1318 1743 Jos.
1344 1715 1492 1742 Areliaeol.
1510 1716 1561 1749 XI,
1588 1717 1605 1743 8
1624 1714 1645 1748 ᾗ.
1663 1715 1689 1742 6.
1708 1715 1781 1748 ΧΠ,
1805 1715 1822 1741 5
1841 1714 1864 1747 5.
1884 1716 1910 1749 5,

1133 1764 1195 1790 coll.
1214 1763 1342 1790 Michael.
1362 1763 1448 1798 spicil.
1465 1764 1498 1791 P.
1514 1765 1536 1790 1.
1554 1773 1579 1797 p.
1594 1763 1645 1790 104
1660 1772 1731 1798 sqq„
1742 1777 1775 1783 -
1795 1763 1839 1789 Ad
1856 1764 1910 1789 duo

1132 1816 1222 1838 antem
1242 1817 1372 1846 provocat
1384 1812 1554 1838 Hamakerus
1572 1812 1669 1845 (distr.
1684 1821 1710 1846 p.
1726 1811 1778 1845 67)
1797 1813 1830 1838 ad
1845 1819 1911 1846 pro—

1133 1860 1247 1886 bandam
1265 1860 1398 1893 „amicam
1414 1865 1441 1886 et
1457 1861 1537 1894 plane
1548 1860 1710 1896 singularem
1727 1860 1911 1888 Samaritano—

1132 1916 1192 1934 rum
1200 1912 1227 1934 et
1232 1908 1398 1935 Phoenicum
1407 1908 1647 1943 conspirationem:
1661 1908 1736 1935 cuius
1746 1908 1910 1935 arctissimae

1134 1956 1303 1992 cognationis
1325 1957 1504 1984 luculentiora
1528 1956 1627 1983 indicia
1645 1965 1765 1983 essemus
1782 1957 1908 1990 habituri,

1133 2004 1157 2032 si
1185 2009 1231 2031 aut
1260 2007 1338 2039 plura
1367 2010 1395 2032 et
1420 2005 1523 2032 maiora
1548 2006 1714 2032 Phoenicum
1741 2007 1908 2032 Poenorum-

1132 2062 1187 2088 que
1204 2058 1378 2080 monumenta
1397 2054 1476 2080 nobis
1496 2058 1668 2088 suppeterent
1683 2054 1738 2088 (Ἰ),
1755 2059 1801 2080 ant
1817 2054 1908 2088 purio-

1131 2111 1162 2129 ra
1195 2103 1228 2128 ad
1255 2110 1306 2128 nos
1330 2102 1517 2136 pervenissent
1541 2103 1642 2130 veteris
1661 2102 1769 2139 linguae
1790 2102 1907 2131 Samari-

1131 2152 1201 2180 ticae
1218 2153 1399 2187 specimina.“
1434 2155 1523 2180 Unum
1545 2153 1622 2188 ponit
1642 2154 1671 2180 in
1688 2154 1836 2181 masculino
1857 2162 1908 2180 usu

1131 2205 1210 2231 vocis
1234 2197 1315 2235 ibn,
1341 2205 1454 2231 alterum
1476 2204 1506 2231 in
1527 2205 1551 2230 tt
1568 2205 1656 2232 littera
1673 2205 1702 2231 in
1720 2210 1832 2239 utraque
1849 2205 1907 2231 dia-

1133 2256 1204 2282 lecto
1221 2245 1271 2290 pro
1292 2255 1316 2281 Π
1334 2256 1439 2282 articuli
1456 2260 1600 2290 usurpata,
1630 2265 1711 2290 quum
1728 2256 1825 2290 passim
1844 2255 1906 2282 alibi

1132 2311 1189 2333 tum
1201 2307 1229 2333 in
1239 2307 1374 2334 Versione
1387 2307 1509 2334 Samarit.
1523 2308 1591 2334 Gen.
1608 2311 1633 2340 1,
1646 2310 1680 2334 27
1698 2306 1819 2341 27³?le
1838 2307 1905 2331 ἾΞἹ

1131 2368 1186 2384 mas
1203 2364 1227 2385 et
1242 2358 1364 2393 femella,
1390 2363 1418 2386 et
1433 2360 1477 2392 25,
1494 2360 1542 2387 19:
1567 2359 1652 2393 Ρῖ“15ζ”1
1673 2351 1814 2384 ΠἹἹΞἾ-ἹΝ
1837 2350 1905 2394 1³5&

1133 2407 1178 2434 cui
1202 2408 1313 2434 accedat
1335 2407 1442 2434 tertium
1461 2408 1614 2441 exemplum
1632 2407 1661 2433 in
1679 2407 1791 2441 epistola
1810 2405 1906 2432 Sama-

1131 2455 1279 2482 ritanorum
1300 2457 1333 2483 ad
1358 2456 1523 2492 Scaligerum
1546 2457 1670 2490 (Repert.
1689 2455 1756 2480 xm
1774 2464 1800 2488 p.
1818 2453 1904 2488 262),

1130 2504 1212 2539 idque
1228 2509 1317 2531 tamen
1327 2505 1468 2531 incertum.
1495 2505 1572 2539 Quae
1587 2504 1650 2538 quid
1665 2503 1726 2536 sint,
1743 2502 1834 2536 paucis
1849 2502 1904 2529 dici

1130 2560 1228 2590 potest.
1271 2556 1352 2591 Quod
1371 2555 1443 2581 enim
1466 2556 1499 2581 ad
1517 2548 1580 2582 “ibn
1600 2555 1702 2587 attinet,
1720 2554 1747 2580 id
1765 2555 1793 2580 in
1806 2562 1903 2581 monu-

1129 2604 1226 2631 mentis
1252 2603 1407 2632 Phoeniciis
1432 2612 1487 2630 non
1510 2603 1579 2640 legi,
1611 2608 1637 2629 et
1660 2602 1805 2629 Hamakeri
1823 2610 1903 2629 com-
