2242 2976
720 247 919 281 LINGUAE
940 245 1136 279 INDOLES
1158 245 1218 278 ΕΤ
1240 244 1465 279 HISTORIA.
1831 249 1906 287 345

282 344 366 388 quod
388 343 497 376 laudat
513 342 628 381 Festus
644 341 801 382 Avienus,
825 343 857 374 in
880 338 1095 385 descriptione
1118 352 1193 373 orae
1215 341 1393 372 maritimae
1410 352 1442 383 p.
1460 343 1543 372 412:
1566 342 1658 372 Haec
1673 342 1747 374 olem
1761 341 1903 374 Himilco

279 402 411 433 Poenus
444 400 571 432 Oceano
601 409 699 441 super
719 404 884 442 spectasse
905 404 1004 430 semet
1027 403 1061 430 et
1077 398 1236 441 probasse
1259 398 1411 429 rettulit:
1444 397 1540 429 Haec
1561 408 1619 429 uos
1642 398 1682 429 ab
1705 401 1779 430 imis
1799 400 1902 431 Puni-

280 467 387 489 corum
417 456 591 488 annalibus
613 457 751 498 prolata
783 457 882 498 longo
904 460 1048 498 tempore
1070 455 1230 487 edidimus
1251 454 1354 487 tibi.“
1398 454 1520 486 Prioris
1542 465 1659 497 graeca
1682 456 1902 498 interpretatio

278 521 441 556 superest,
481 513 610 554 saepius
643 513 747 551 edita,
784 519 819 543 ut
851 513 884 543 in
907 511 1110 554 Geographis
1130 511 1310 543 minoribus
1340 511 1389 543 ed.
1420 511 1556 542 Hudson
1586 510 1626 543 T.
1650 511 1676 543 1.
1718 511 1768 543 De
1798 518 1901 544 aetate

278 571 348 601 eius
379 569 424 601 nil
454 576 596 607 constat,
634 576 761 611 praeter
791 568 889 600 verba
920 567 1017 599 Plinii
1047 567 1111 610 (V,
1137 569 1193 610 1),
1231 570 1286 610 qui
1315 567 1476 607 „Punicis
1507 567 1604 599 rebus
1634 567 1902 600 florentissimis“

278 628 338 657 iter
367 625 447 658 illud
478 626 672 657 maritimum
701 632 882 666 susceptum
915 625 1027 656 tradit:
1065 626 1225 656 variarum
1255 631 1361 655 autem
1393 625 1579 665 opinionum
1610 625 1661 666 (v.
1681 624 1831 657 Dodwell
1861 627 1899 657 de

279 682 399 725 periplo
416 682 598 719 Hannonis,
622 679 771 712 Mannert
785 680 904 724 Geogr.
925 679 965 712 T.
982 680 997 712 Ι
1012 692 1043 723 p.
1057 681 1119 722 49)
1141 680 1229 712 nulla
1245 679 1451 712 verisimilior
1469 686 1528 719 est,
1550 692 1644 723 quam
1660 680 1716 712 illa
1731 681 1898 721 Heerenii‚

279 739 319 770 de
337 750 399 781 qua
421 746 554 781 uterque
574 737 674 768 frater
696 738 808 780 quinto
830 749 859 769 a.
878 736 956 769 Chr.
973 746 1081 769 natum
1095 736 1206 769 seculo
1221 737 1408 769 tribuendus
1430 743 1525 768 esset.
1570 736 1816 779 Quodammodo
1839 738 1901 770 huc

276 795 390 827 referri
415 802 518 837 potest

404 854 436 883 9.
480 849 670 888 Hannibal,
699 850 738 882 de
761 851 852 881 cuius
873 841 1082 892 inscriptione
1103 861 1156 881 res
1179 860 1199 881 a
1222 859 1258 881 se
1279 856 1387 892 gestas
1411 855 1561 881 narrante
1577 851 1641 882 iam
1663 861 1760 893 supra
1781 851 1899 883 dictum

276 915 324 939 est
346 906 418 950 pag.
440 910 492 939 90.
536 907 679 938 Eandem
702 917 721 938 a
742 917 778 938 se
800 907 901 938 visam
918 913 950 938 et
964 908 996 937 in
1013 917 1063 938 res
1080 917 1155 938 suas
1169 917 1356 938 conversam
1374 913 1530 938 memorat
1544 905 1697 948 Polybius
1712 906 1769 947 111,
1787 910 1828 939 33

406 967 456 996 10.
501 963 691 1004 Hae‘empeal‚
723 961 895 994 Numidiae
917 973 994 1000 rex,
1024 964 1115 1004 isque
1138 973 1271 994 numero
1288 963 1446 994 secundus
1463 963 1555 1005 (pag.
1572 962 1669 1005 198),
1693 965 1783 995 cuius
1798 963 1898 996 libros

275 1021 316 1052 de
344 1018 523 1061 originibus
552 1018 742 1061 populorum
770 1017 998 1049 Africanorum
1029 1025 1186 1049 memorat
1215 1017 1345 1050 Sallust.
1367 1018 1436 1061 lug.
1460 1022 1517 1051 1⁷:
1550 1019 1647 1058 „Sed
1672 1021 1726 1061 qui
1749 1020 1899 1053 mortales

275 1077 367 1108 initio
388 1075 533 1107 Africam
557 1074 729 1106 habuerint
750 1096 854 1106 ......
875 1076 923 1106 uti
944 1084 986 1105 ex
1008 1073 1100 1105 libris
1123 1074 1271 1112 Punicis,
1302 1076 1356 1116 qui
1379 1078 1471 1117 regis
1485 1075 1686 1117 Hiempsalis
1699 1076 1897 1116 dicebantur,

275 1132 516 1174 interpretatum
548 1130 642 1162 nobis
671 1138 738 1169 est,
778 1132 889 1173 utique
917 1141 986 1162 rem
1016 1141 1088 1162 sese
1110 1130 1231 1162 habere
1254 1129 1393 1162 cultores
1417 1132 1487 1163 eius
1511 1138 1615 1163 terrae
1638 1139 1767 1173 putant,
1804 1144 1898 1175 quam

276 1189 476 1231 paucissimis
491 1188 631 1219 dicam“.
665 1186 815 1218 Genitivo
831 1190 924 1229 regie
938 1187 1141 1229 Hiempsalis
1156 1197 1219 1218 non
1236 1192 1411 1225 auctorem,
1434 1187 1491 1219 sed
1506 1198 1724 1230 possessorem
1741 1187 1896 1221 librorum

274 1245 413 1277 indicari
428 1244 612 1276 Heerenius
634 1243 676 1286 (J.
695 1254 722 1275 c.
741 1255 772 1286 p.
787 1247 823 1274 21
836 1243 848 1284 )
865 1244 1043 1275 existimat:
1063 1244 1116 1274 cui
1132 1243 1259 1285 quidem
1274 1245 1451 1274 sententiae
1466 1250 1497 1274 et
1511 1243 1642 1286 linguae
1658 1255 1734 1276 usus
1752 1252 1783 1275 et
1797 1246 1896 1287 ipsius

274 1303 322 1333 rei
339 1302 420 1333 ratio
437 1300 564 1332 obstare
578 1301 714 1332 videtur.
742 1299 787 1331 Ut
804 1301 889 1331 enim
906 1298 1041 1331 multum
1057 1300 1210 1330 intererat
1226 1298 1356 1331 lectoris
1370 1301 1466 1339 scire,
1489 1310 1508 1330 a
1522 1310 1584 1342 quo
1599 1300 1710 1341 scripti
1725 1308 1834 1332 essent
1849 1300 1897 1332 illi

274 1357 367 1396 libri,
390 1360 435 1388 ita
451 1358 620 1402 perparvi,
642 1367 684 1388 ex
705 1357 795 1388 cuius
813 1355 1008 1387 bibliotheca
1023 1354 1173 1397 exempla
1188 1365 1302 1387 eorum
1317 1356 1481 1398 depromta
1493 1355 1623 1387 fuerint.
1670 1354 1737 1392 Qui
1749 1374 1790 1398 ,—
1805 1356 1895 1388 dice-

275 1414 396 1447 bantur
417 1414 560 1446 modeste
582 1413 711 1455 scripsit
734 1411 926 1451 Sallustius,
958 1413 1049 1454 quia,
1079 1411 1220 1443 Punicae
1240 1411 1371 1454 linguae
1393 1413 1541 1455 ignarus,
1574 1413 1668 1443 etiam
1692 1413 1731 1444 de
1755 1413 1847 1444 titulo
1864 1422 1895 1445 et

274 1478 405 1503 auctore
423 1471 551 1502 nonnisi
567 1480 609 1501 ex
624 1470 831 1511 interpretum
844 1467 909 1500 fide
924 1469 1067 1500 iudicare
1080 1474 1216 1510 poterat.
1260 1467 1432 1500 Numidiae
1448 1475 1553 1500 antem
1567 1467 1696 1511 regulos
1711 1480 1776 1500 non
1790 1469 1895 1502 solum

272 1526 428 1559 librorum
451 1534 609 1558 amatores
632 1532 664 1557 et
686 1524 872 1557 collectores
897 1525 997 1556 fuisse
1019 1523 1121 1566 (Plin.
1142 1522 1270 1563 XVIII,
1294 1525 1350 1565 5),
1387 1525 1444 1556 sed
1465 1523 1641 1556 litterarum
1663 1526 1759 1557 etiam
1781 1527 1895 1558 studiis

273 1584 418 1622 deditos,
456 1582 555 1614 Iubae
584 1582 720 1614 iunioris
752 1580 933 1623 exemplum
962 1581 1070 1619 docet,
1107 1581 1197 1612 cuius
1223 1580 1371 1623 permulti
1394 1580 1470 1612 libri
1499 1581 1538 1613 de
1562 1580 1658 1612 rebus
1680 1581 1820 1623 Libyae,
1854 1583 1893 1614 de

273 1641 350 1672 artis
389 1646 421 1671 et
456 1640 597 1681 picturae
634 1638 768 1670 historia
806 1638 907 1680 deque
939 1648 974 1669 re
1002 1636 1152 1668 herbaria
1189 1637 1363 1671 exstabant
1392 1639 1443 1678 *).
1511 1635 1660 1669 Ceterum
1692 1639 1775 1679 quod
1808 1638 1840 1670 h.
1871 1638 1893 1669 l.

272 1695 446 1728 Numidiae
468 1706 578 1737 regem
597 1692 698 1726 libros
720 1694 841 1725 Punica
862 1693 974 1736 lingua
995 1694 1162 1735 scripsisse
1185 1692 1341 1736 legimus,
1371 1694 1403 1725 id
1426 1694 1555 1736 egregie
1578 1695 1728 1725 convenit
1749 1705 1819 1726 cnm
1840 1696 1892 1734 iis,

273 1764 354 1796 qnae
377 1753 416 1784 de
438 1751 577 1783 Punicae
598 1749 728 1792 linguae
750 1750 835 1792 apud
857 1749 1014 1782 Numidas
1034 1761 1095 1781 usu
1117 1761 1213 1792 supra
1235 1750 1402 1786 docuimus
1430 1750 1481 1791 (§.
1502 1753 1524 1781 4
1546 1750 1660 1790 extr.).

1036 1843 1064 1881 ξ.
1101 1845 1131 1874 8.

399 1912 451 1945 De
483 1911 613 1954 linguae
644 1910 776 1942 historia
807 1917 839 1941 et
866 1908 975 1941 indole
1003 1908 1054 1941 his
1083 1911 1130 1940 ita
1150 1909 1317 1951 disputatis
1338 1910 1370 1940 in
1394 1910 1463 1941 eius
1485 1909 1600 1952 opibus
1623 1910 1719 1942 bodie
1740 1912 1894 1953 supersti-

274 1970 359 2002 tibus
387 1968 578 2011 colligendis
606 1966 864 2009 illustrandisque
892 1967 938 1997 ita
967 1965 1184 2004 versabimur,
1223 1971 1257 1996 ut
1289 1966 1392 2007 capite
1415 1967 1555 1998 secundo
1577 1966 1706 2010 linguae
1728 1966 1891 2010 reliquias,

273 2037 354 2070 quae
376 2027 409 2058 in
431 2026 534 2068 ipsius
557 2022 669 2066 populi
693 2024 908 2055 monumentis
930 2024 1032 2065 patrio
1057 2022 1240 2054 charactere
1260 2022 1421 2063 inscriptis
1442 2023 1464 2054 i.
1483 2033 1511 2054 e.
1532 2024 1565 2054 in
1580 2024 1839 2066 inscriptionibus
1852 2027 1893 2055 ‘et
1947 2067 1950 2075 Ι

274 2084 379 2115 nnmis
415 2080 711 2124 deprehenduntnr,
746 2079 958 2111 exhibeamus
993 2079 1031 2111 ad
1070 2078 1249 2110 litterarum
1285 2077 1430 2109 ordinem
1464 2079 1620 2122 digestas3
1664 2081 1768 2122 capite
1798 2081 1892 2111 tertio

273 2140 449 2182 praemissa
477 2139 511 2169 in
539 2136 646 2168 locum
674 2135 856 2168 Plautinum
884 2136 1113 2167 exercitatione
1136 2133 1215 2176 (litt.
1238 2133 1289 2175 A)
1317 2133 1439 2177 reliqua
1461 2135 1590 2178 linguae
1612 2138 1787 2179 specimina
1809 2137 1891 2178 apud

273 2197 445 2238 scriptores
474 2201 600 2225 veteres
629 2199 756 2224 servata
787 2191 920 2224 Graecis
941 2192 1128 2234 Latinisque
1150 2189 1266 2221 litteris
1291 2192 1427 2232 scripta,
1462 2193 1576 2233 partim
1599 2192 1788 2235 appellativa
1811 2191 1890 2233 (litt.

273 2251 341 2293 B),
376 2252 492 2294 partim
521 2251 653 2281 nomina
680 2249 807 2291 propria
838 2247 920 2290 (litt.
944 2248 978 2279 C.
1002 2247 1055 2288 D)
1087 2246 1221 2279 collecta
1243 2253 1338 2288 atque
1358 2247 1511 2290 disposita
1532 2248 1745 2281 illustremus:
1777 2256 1889 2290 quarto

269 2309 410 2351 'deniqne
436 2307 540 2349 capite
571 2317 613 2337 ex
640 2312 776 2347 utroque
806 2304 864 2336 illo
894 2304 1029 2336 fontium
1052 2314 1170 2347 genere
1192 2304 1417 2348 grammaticas
1437 2304 1567 2348 linguae
1589 2304 1696 2348 leges,
1725 2306 1828 2348 quoad
1858 2305 1890 2336 id

276 2363 347 2395 fieri
368 2371 472 2406 potest
479 2386 489 2402 ‚
524 2372 731 2404 exponamus.

327 2483 351 2516 ⁶)
375 2483 408 2510 V.
425 2482 556 2509 Harduini
577 2482 632 2509 ind.
650 2486 789 2508 anctorum
809 2481 841 2506 ad
859 2479 926 2507 Plin.
945 2489 973 2507 v.
992 2480 1065 2506 Iuba.

1436 2661 1477 2688 44
