2242 2976
290 271 630 309 PSEUDOPHOEN.
647 272 707 306 ΕΤ
723 273 845 307 SPUR.
874 272 1065 306 Lxxvm.
1086 273 1252 307 LXXIX.
1274 271 1430 304 CYREN.
1446 270 1506 304 ΕΤ
1521 269 1790 303 ATLANTICA.
1835 271 1910 308 255

291 369 384 407 ·Yna
410 369 539 407 atluth
605 369 736 418 ylbeld
861 369 1045 418 sagherek
1170 367 1375 416 ylmakarr
1425 366 1601 403 schehed:
1657 365 1792 414 gkalt'n
1869 365 1902 400 lv·

265 430 369 483 ⁷Ego
397 434 550 472 ascendi
563 436 765 483 regionem,
794 435 914 472 donec
940 433 1146 472 submersio
1172 434 1397 470 continentis
1422 429 1576 469 aderat:
1607 430 1845 468 ascendimus
1861 430 1912 467 ad

338 499 414 536 Ῐιαῗν
503 490 626 536 'Ailas
684 499 687 501 ’
726 499 884 549 wakafn
975 499 1186 548 fosthltae:
1246 499 1298 534 da
1349 497 1513 546 ylakbar
1548 494 1727 533 'lwmlack
1773 495 1884 532 Atlas

289 571 458 601 montem
473 564 653 602 Atlantis:
680 566 915 602 substitimus
937 566 978 603 in
993 565 1118 602 medio
1137 565 1236 601 eius:
1263 564 1316 600 ibi
1342 564 1534 600 maximus
1554 553 1682 611 r'egum
1693 562 1910 608 Atlantidis,

288 629 405 666 elledv’
425 629 478 665 lm
631 629 773 666 benani
795 615 798 620 ι
960 630 1109 678 f’seba
1184 628 1353 676 daz-ryth
1404 628 1583 665 esschems
1635 628 1651 664 l
1657 626 1901 664 ’chekmatuh

288 694 354 731 ubi
413 700 495 731 erat
520 693 749 732 domicilium
775 707 904 731 meum
935 695 977 731 in
1000 701 1145 744 septem
1191 695 1344 731 orbibus
1447 694 1535 730 solis
1626 705 1678 729 ex
1700 695 1803 730 iussu
1821 693 1911 737 eius,

361 759 506 807 uf’tne
582 759 745 807 dem-yth
771 759 957 796 asschems
999 761 1135 808 f’imr
1177 765 1314 807 mynta
1350 758 1554 795 Mane-scus
1589 758 1605 793 l
1616 758 1759 794 ’malo-h
1795 758 1811 793 l
1818 757 1915 794 'ard

287 829 326 860 et
351 824 392 859 in
420 824 567 860 duobus
593 825 745 861 orbibus
796 826 882 861 solis
987 836 1038 864 ex
1054 826 1159 862 iussu
1200 825 1271 862 τοῦ
1380 825 1525 860 Μῃθεόἰ
1618 825 1714 871 regis
1789 829 1912 859 terrae

285 893 422 936 myntza
448 889 663 938 l’elgyptes
687 896 823 938 mynta
846 889 1021 926 ennahar
1047 889 1220 926 el-kabae'r.
1258 890 1357 938 Myn
1374 888 1477 925 laada
1493 887 1654 937 ylalana
1766 901 1869 924 nara

389 981 399 989 .
452 953 617 1002 Aegypti
636 954 683 1005 (ζ’)
709 982 797 991 .....
874 955 981 992 fluvii
1057 955 1194 1002 magni.
1298 955 1392 991 Inde
1490 966 1636 991 sursum
1658 953 1912 1002 spectavimus

285 1017 449 1065 devryth
499 1019 732 1055 m’davvalo‘u
782 1024 917 1067 mynta
943 1019 960 1054 l
969 1019 977 1032 ¹
989 1018 1145 1066 yllaluit
1164 1020 1356 1066 yssamin:
1390 1016 1520 1055 Azara
1595 1019 1754 1068 ylcobra
1829 1017 1910 1067 υμῖ-

309 1083 418 1119 orbes
451 1082 771 1131 splendidissimos
793 1110 879 1120 .....
953 1083 1109 1120 dearum
1202 1085 1313 1120 coeli:
1372 1084 1539 1121 vidimus
1579 1085 1753 1120 maxima
1778 1090 1816 1119 et
1827 1083 1911 1132 pul-

285 1146 427 1183 clmsna
491 1147 661 1195 byddars
685 1154 820 1196 mynta
871 1148 1029 1196 gyl-Ae’a
1056 1147 1244 1185 collehae:
1278 1162 1380 1185 nara
1419 1150 1552 1197 ydddr
1577 1149 1747 1197 yddelceb
1774 1153 1911 1195 mynta

285 1212 469 1248 cherrima
483 1213 524 1248 in
542 1214 859 1261 contemplatione
882 1213 986 1257 ane
1075 1215 1209 1250 totiusz
1236 1214 1403 1251 vidimus
1417 1214 1573 1251 domum
1591 1206 1745 1251 auream
1801 1241 1809 1249 .

284 1276 388 1325 yllab
439 1276 593 1325 ylkabir
623 1277 772 1327 Neptul
825 1278 1012 1314 v’Eleusi
1084 1278 1219 1314 l’aziz
1276 1279 1310 1314 li
1332 1278 1564 1328 ckajathlm:
1615 1291 1718 1314 nara
1769 1276 1915 1326 yttelyt

284 1342 412 1391 patris*
445 1343 573 1390 magni
611 1342 781 1391 Neptuni
808 1350 846 1379 et
862 1343 1047 1391 Eleusidis
1073 1344 1246 1380 honorati
1273 1345 1452 1381 fratribus
1478 1345 1571 1381 suis:
1598 1343 1765 1380 vidimus
1810 1349 1886 1377 tres

323 1406 464 1455 ymdcit
517 1412 652 1455 mynta
699 1406 852 1444 Herkul
904 1408 1064 1457 s’daqq
1108 1408 1245 1456 ylbahr
1283 1415 1420 1457 mynta
1461 1407 1650 1445 l’malech
1684 1406 1910 1444 Adroladon

286 1471 481 1508 columnas
533 1499 649 1509 .....
690 1472 866 1509 Herculis
889 1474 930 1509 in
946 1473 1071 1510 littore
1109 1475 1224 1510 maris
1289 1502 1406 1511 .....
1481 1475 1578 1522 regis
1677 1471 1909 1515 Adroladon‚

284 1535 509 1584 yl-byredin
530 1535 753 1584 :ql-basanim
770 1538 866 1586 fejn
893 1543 1034 1587 tvaqqa
1058 1538 1246 1586 ysschems
1269 1535 1435 1587 umyntd
1458 1536 1680 1587 yt-ffyfah
1721 1534 1891 1584 yddelteb

310 1600 462 1649 frigidas
542 1595 749 1650 pulchras,¹
779 1603 844 1638 ubi
872 1602 1066 1639 descendit
1130 1602 1196 1649 sol,
1341 1611 1379 1640 et
1460 1609 1679 1653 vpomorum
1710 1612 1907 1638 aureorum

284 1665 442 1702 ἰιΙ-Αεῖα
474 1665 619 1703 karna:
656 1680 759 1703 nara
821 1667 971 1703 el-Ae‘a
997 1667 1123 1704 ευΙῖΙια
1156 1669 1251 1717 fejn
1270 1669 1482 1717 j’ammeru
1510 1666 1699 1716 l’gqllalaeat
1722 1665 1909 1715 ylballar:

285 1738 323 1767 et
339 1730 461 1767 Eoum
481 1744 612 1768 cornu:
639 1732 805 1768 vidimus
835 1732 955 1768 anm
990 1739 1120 1778 totam,
1142 1734 1226 1783 ,Ubi
1283 1733 1457 1771 habitant
1550 1733 1642 1769 deae
1742 1731 1875 1767 maris:

316 1807 428 1838 >stara
507 1797 637 1845 Eschn
722 1796 848 1832 colllm
875 1797 991 1833 elledi
1012 1785 1143 1846 jyslok
1166 1792 1413 1847 'f’chadddn
1454 1797 1626 1846 yl-bahr
1657 1795 1914 1845 yl-gewwyni
1938 1794 1940 1799 '

285 1860 453 1897 vidimus
470 1860 696 1909 Hispaniam
719 1867 838 1897 totam
884 1873 980 1909 quae
1016 1869 1123 1911 patet
1169 1865 1211 1899 in
1234 1864 1417 1900 limitibus
1481 1865 1597 1900 maris
1696 1861 1884 1898 interioris

307 1924 540 1973 vylbarrani
606 1925 751 1973 vylard
763 1944 765 1947 f
796 1931 933 1974 mynta
958 1926 1179 1974 :ql-maleel»
1209 1928 1343 1976 yssabe
1424 1929 1565 1964 v’esmu
1666 1927 1899 1974 Miaratarf

284 1997 323 2026 et
339 1991 548 2035 exterioris,
574 1997 612 2026 et
625 1997 763 2027 terram
810 2018 819 2027 .
838 2018 846 2027 .
864 2018 873 2027 .
891 2018 900 2026 .
1016 1990 1112 2040 regis
1188 1994 1351 2041 septimi,
1379 1994 1483 2030 cuius
1502 2005 1642 2029 nomen
1690 1991 1907 2033 Miaratarf‚

328 2054 438 2104 qabel
531 2056 778 2104 jyntamemu
831 2057 901 2092 ed·
911 2057 1074 2105 devryth
1100 2057 1282 2106 yl-kabt’r
1306 2065 1440 2107 mynta
1469 2058 1666 2106 ysschems.

285 2126 486 2168 antequam
514 2121 675 2157 absoluti
699 2127 787 2157 sunt
888 2123 997 2159 orbes
1122 2124 1249 2171 magni
1329 2152 1337 2160 .
1357 2151 1365 2159 .
1386 2152 1393 2160 .
1411 2152 1419 2159 .
1512 2123 1609 2160 solis.

410 2232 560 2263 profecta
581 2234 680 2275 igitur
704 2240 784 2272 erat,
807 2235 836 2265 si
859 2233 1042 2266 Marchioni
1060 2237 1220 2278 sociisque
1234 2235 1334 2275 fides,
1359 2235 1596 2267 antediluviana
1612 2242 1723 2267 nostra
1741 2234 1905 2275 inscriptio

284 2288 324 2320 ab
350 2288 497 2327 homine,
534 2290 588 2330 qui
617 2291 649 2321 in
678 2291 749 2333 ipso
773 2289 884 2322 diluvii
909 2290 1045 2334 Ogygici
1069 2293 1202 2324 exordio
1225 2304 1267 2324 ex
1289 2292 1496 2324 inferioribus
1521 2291 1695 2324 Atlantidis
1719 2290 1906 2333 regionibus

285 2346 404 2377 sen'sim
441 2345 617 2377 submersis
655 2347 687 2377 in
725 2346 853 2378 altiores
888 2349 1085 2387 ascenderit,
1124 2348 1169 2380 ibi
1205 2350 1286 2391 apud
1315 2358 1442 2392 regem,
1480 2348 1592 2392 procul
1629 2349 1726 2380 dubio
1758 2346 1905 2390 Ogygem

285 2409 498 2433 commoratus
521 2402 633 2441 fuerit,
660 2410 692 2434 et
715 2414 756 2435 ex
779 2414 902 2435 summo
924 2405 994 2436 eius
1018 2407 1183 2436 cacumine
1200 2407 1312 2448 partim
1332 2413 1470 2437 remotas
1487 2413 1590 2437 terrae
1607 2407 1768 2447 regiones,
1790 2405 1902 2446 partim

285 2456 366 2488 coeli
393 2458 498 2489 sidera
530 2458 631 2490 oculis
663 2458 908 2491 collustraverit.
962 2459 1054 2498 Quod
1086 2462 1160 2504 quid
1193 2462 1256 2494 sibi
1276 2462 1372 2501 velit,
1404 2461 1538 2493 lectores
1560 2473 1635 2493 mox
1660 2460 1840 2502 intelligent
1862 2471 1902 2490 ex

285 2510 353 2551 his,
388 2524 467 2556 quae
496 2522 569 2556 post
594 2514 759 2547 Platonem
788 2517 821 2547 in
855 2515 956 2548 Critia
978 2518 1011 2548 in
1033 2517 1160 2549 Eumali
1184 2517 1341 2560 Cyrenaei
1364 2518 1446 2550 libro
1470 2518 1510 2549 ab
1531 2519 1645 2549 iisdem
1667 2516 1902 2556 Melitensibus‚

235 2595 237 2597 .
285 2569 313 2599 si
331 2567 390 2599 Dis
412 2569 533 2611 placet,
556 2572 686 2603 invento
709 2573 756 2614 (§.
772 2573 810 2614 3)
833 2573 871 2604 de
894 2572 1057 2605 Atlantide
1081 2573 1201 2606 diluvio
1225 2574 1373 2618 Ogygico
1396 2574 1562 2606 submersa
1583 2574 1757 2605 memoriae
1780 2573 1903 2614 prodita

286 2631 378 2663 sunt,
413 2635 433 2656 a
462 2626 556 2658 nobis
582 2635 749 2671 propterea
781 2630 811 2660 in
837 2631 922 2662 notis
945 2629 1080 2663 subinde
1102 2631 1272 2664 laudanda.
1319 2631 1398 2663 Prae
1421 2632 1537 2662 ceteris
1560 2637 1664 2661 autem
1686 2630 1902 2671 inscriptionis
