2242 2976
784 731 1461 783 PRAEFATIO.

311 884 463 947 Pauca
492 916 586 946 *sunt
621 909 809 945 litteratae
852 910 1085 957 antiquitatis
1124 917 1394 954 monumenta,
1446 921 1541 958 quae
1576 909 1717 945 maiore
1750 919 1816 944 suo
1850 908 1930 944 iure

313 978 482 1013 virorum
505 976 547 1011 in
567 986 612 1010 eo
634 974 843 1010 studiorum
868 985 1002 1021 genere
1026 975 1259 1011 versantium
1283 975 1410 1018 oculos
1431 975 1471 1010 in
1493 987 1532 1010 se
1555 979 1795 1017 convertant,
1819 983 1932 1021 quam

314 1042 475 1088 exiguae
493 1041 608 1083 istae,
634 1048 730 1087 quae
750 1038 1056 1087 inscriptionibus
1080 1039 1280 1088 numisque
1302 1041 1561 1084 continentur,
1587 1037 1807 1074 Phoeniciae
1823 1036 1934 1072 Puni-

316 1115 455 1153 meque
480 1105 629 1152 linguae
650 1104 839 1152 reliquiae.
895 1104 1045 1140 Etenim
1071 1115 1186 1152 quum
1212 1106 1344 1141 unicae
1367 1105 1437 1140 hae
1464 1109 1552 1140 sunt
1572 1103 1802 1156 Phoenicum
1825 1106 1936 1148 atque

317 1169 685 1217 Carthaginensium,
710 1169 937 1217 populorum
958 1170 1069 1205 rebus
1092 1171 1204 1217 gestis
1226 1170 1334 1218 longe
1351 1170 1653 1212 clarissimorum,
1670 1167 1828 1210 litterae,
1855 1171 1936 1201 tum

317 1236 486 1272 maxime
507 1236 591 1283 ipsa
613 1235 718 1282 signa
743 1233 870 1270 studia
892 1240 1021 1270 nostra
1047 1235 1235 1278 excitant,
1269 1246 1363 1282 quae
1385 1235 1436 1270 sic
1462 1235 1627 1283 primum
1650 1234 1809 1270 inventa
1835 1230 1940 1266 omni

319 1301 488 1337 omnium
521 1299 688 1346 gentium
719 1299 955 1335 litteraturae
990 1300 1171 1348 originem
1202 1297 1348 1335 dedisse
1383 1305 1540 1336 constat.
1605 1296 1687 1342 Quo
1715 1296 1858 1333 factum
1884 1300 1942 1331 est

319 1372 380 1407 ut,
414 1375 530 1410 quum
554 1364 670 1410 primi
699 1363 985 1409 Barthelemyus
1011 1371 1050 1399 et
1069 1362 1255 1400 'Swinton
1280 1364 1392 1400 huius
1418 1365 1624 1412 scripturae
1646 1362 1809 1399 rationes
1834 1358 1942 1395 inda-

320 1438 408 1475 gare
431 1426 662 1474 coepissent,
689 1426 860 1461 certatim
887 1427 950 1460 alii
967 1437 1071 1462 nova
1086 1434 1335 1463 monumenta
1353 1430 1632 1475 conquirerent,
1658 1427 1722 1461 alii
1737 1418 1944 1472 conquisita

320 1493 668 1539 interpretarentur.
724 1488 947 1537 Quanquam
970 1488 1040 1524 hac
1063 1490 1392 1537 interpretantium
1418 1502 1550 1538 opera,
1584 1490 1616 1525 si
1641 1500 1781 1537 paucos
1807 1487 1871 1535 (in
1885 1487 1943 1523 his

324 1558 527 1602 Bayerum,
574 1553 869 1600 Akerbladium)
918 1554 1105 1602 excipias,
1153 1559 1230 1589 tam
1270 1566 1405 1602 parum
1443 1555 1516 1590 ista
1554 1553 1678 1590 studia
1721 1552 1944 1590 incrementi

323 1626 521 1670 ceperunt,
563 1625 605 1655 ut
637 1618 742 1655 haud
773 1630 858 1655 raro
890 1618 1020 1654 iudicii
1044 1619 1262 1654 infirmitate
1299 1618 1422 1655 dicam
1448 1630 1498 1654 an
1522 1618 1787 1666 perversitate,
1829 1627 1945 1665 quum

325 1685 547 1735 praesertim
586 1691 688 1720 terta
727 1684 913 1732 principia
953 1683 1126 1719 deessent
1139 1710 1149 1727 ,
1197 1683 1297 1719 infra
1336 1683 1643 1730 Barthelemyum
1679 1682 1945 1720 relaberentur.

327 1749 450 1794 Quare
466 1777 475 1795 ,
508 1750 540 1786 si
565 1749 776 1786 Sv'vintonis
801 1749 1128 1797 interpretationes
1156 1748 1322 1796 ineptas,
1358 1749 1542 1785 Pellerinii
1569 1754 1607 1784 et
1632 1747 1807 1783 Dutensii
1832 1757 1948 1793 vagas

329 1816 562 1852 coniecturas
601 1814 831 1857 consideres,
871 1820 914 1849 ut
945 1813 1184 1850 Fourmontii
1218 1824 1335 1860 nugas
1375 1820 1540 1857 taceam,
1581 1824 1658 1848 non
1687 1818 1744 1848 est
1775 1811 1947 1859 profecto

330 1884 432 1934 quod
468 1881 634 1923 mireris,
678 1891 789 1915 omne
823 1878 896 1915 hoc
922 1878 1132 1914 studiorum
1166 1878 1494 1926 periculorumque
1519 1876 1807 1914 Phoeniciorum
1833 1885 1949 1923 genus

332 1951 379 1987 ab
413 1945 613 1989 Eckhelio‚
654 1944 930 1991 elegantissimo
964 1955 1090 1979 rerum
1125 1944 1366 1991 antiquarum
1393 1944 1671 1987 existimatore,
1704 1940 1950 1985 „taediorum

331 2012 647 2051 Phoeniciorum“
687 2010 839 2045 nomine
874 2009 1105 2057 appellatum
1142 2015 1180 2044 et
1213 2015 1360 2046 tantum
1396 2020 1474 2045 non
1505 2008 1633 2045 sannis
1667 2011 1870 2054 exceptum
1898 2004 1950 2052 1),

332 2079 502 2126 adeoque
537 2087 600 2118 ea,
641 2085 737 2123 quae
780 2086 803 2109 a
843 2073 1107 2120 Barthelemyo
1149 2074 1342 2110 verissime
1384 2075 1585 2110 observata
1627 2076 1750 2115 erant,
1787 2070 1951 2118 iniquius

332 2145 499 2181 iudicata
534 2152 631 2176 esse:
676 2151 747 2175 nec
786 2140 904 2186 magis
945 2139 1117 2187 profecto
1153 2150 1285 2175 severo
1323 2138 1389 2175 sed
1429 2138 1671 2174 subtilissimo
1711 2134 1766 2171 illi
1805 2133 1951 2170 censori

333 2210 494 2259 probata
526 2206 701 2249 fuissent,
744 2215 839 2252 quae
867 2216 989 2252 nuper
1021 2204 1062 2239 in
1089 2203 1323 2251 explicandis
1351 2202 1656 2251 inscriptionibus
1679 2197 1886 2237 Numidicis
1912 2198 1952 2233 in

335 2276 458 2311 lucem
482 2262 586 2308 edita
610 2275 698 2306 sunt
722 2270 1078 2318 interpretationum
1094 2274 1283 2312 monstra,
1308 2270 1348 2304 in
1365 2269 1499 2317 quibus
1521 2267 1664 2304 nescias
1685 2271 1812 2302 utrum
1834 2263 1952 2309 magis

336 2339 482 2376 mireris
516 2335 738 2372 insolentem
772 2333 962 2370 idiomatis
998 2347 1049 2372 ex
1087 2336 1260 2373 omnibus
1292 2334 1536 2370 dialectorum
1568 2331 1719 2368 latebris
1747 2327 1951 2376 >conquisiti

338 2405 501 2442 formam
533 2413 583 2438 an
623 2400 833 2437 orationem
870 2405 1082 2438 contortam
1119 2405 1457 2448 argumentumque
1496 2398 1667 2446 ineptum
1706 2395 1960 2431 monumento‘

406 2540 436 2578 1)
466 2538 545 2567 Vide
572 2537 740 2567 Ecxnnn
769 2536 880 2565 Doctr.
913 2547 999 2566 num.
1033 2541 1109 2566 vett.
1180 2546 1252 2565 nem
1276 2535 1312 2565 de
1334 2535 1435 2564 numis
1456 2526 1559 2573 lingua
1572 2532 1689 2562 Punica
1708 2526 1857 2566 inscriptis
1872 2524 1948 2555 ibid-

341 2593 382 2621 T.
399 2591 447 2621 111
462 2602 493 2630 p.
513 2590 573 2619 406
600 2595 630 2618 et
644 2589 919 2628 Prolegomenavad
932 2589 1112 2629 disputatio-
1181 2599 1212 2628 p.
1234 2590 1295 2619 396
1306 2587 1427 2617 —404.

1536 2642 1555 2671 b
