2242 2976
333 264 626 298 MONUMENTA
649 264 796 297 SEMIT.
820 264 1007 297 AEGYPT.
1051 264 1179 297 LXXI.
1201 263 1385 298 MONUM÷
1407 263 1777 298 CARPENTORACT.
1821 267 1894 303 231

396 359 547 402 Sequitur
577 358 784 391 difficillimus
814 359 1032 401 inscriptionis
1060 358 1169 398 locus,
1206 360 1245 390 de
1270 371 1331 402 quo
1354 359 1497 403 plerique
1522 359 1748 401 desperarunt,
1778 360 1811 391 in
1835 371 1896 402 quo

269 426 361 447 nemo
389 415 456 447 fere
486 415 538 446 vel
567 415 630 447 sibi
660 414 712 447 vel
739 415 811 447 aliis
839 415 1003 447 satisfecit.
1048 416 1133 452 Quid
1155 415 1233 446 mihi
1257 416 1423 458 probabile
1447 417 1607 453 n‘deamr,
1641 418 1749 458 paucis
1777 417 1894 449 dicam.

268 480 391 515 flamm
420 483 480 514 pro
510 471 633 515 vulgari
665 482 775 515 ”52:⁹72
806 471 880 515 lego
906 482 947 503 ex
978 473 1168 504 auctoritate
1196 473 1372 515 apographi
1404 473 1668 511 Biiindstediani,
1697 474 1782 515 quod
1803 472 1896 505 lin-3

267 530 300 560 in
336 528 401 560 fine
437 528 574 571 figuram
611 528 709 561 habet
745 529 798 560 He
832 527 988 560 similem:
1027 529 1122 571 idque
1153 540 1225 560 cum
1257 529 1442 560 Hamakero
1474 531 1650 572 pronuncio
1682 533 1805 576 Πῂῆξξπς
1840 541 1896 572 pro

267 594 376 634 τηῖξῖη
407 585 586 624 honorata,
617 596 714 624 cara,
750 596 792 617 ex
830 592 905 616 noto
937 584 1150 617 Aramaismo.
1204 587 1315 624 πῆξε),
1356 587 1438 628 quod
1469 597 1540 617 cum
1569 585 1685 617 Beerio
1714 572 1808 628 lega,
1846 594 1896 618 est

268 644 395 679 colem,
418 643 517 689 Πηξὲ.
560 650 671 681 wrm,
695 643 778 685 quod
795 642 974 673 semiticum
990 652 1052 672 non
1070 651 1141 673 esse
1155 642 1394 684 spoponderim,
1418 644 1486 673 sive
1501 643 1635 685 quadam
1649 642 1896 685 orthographiae

268 698 466 742 negligentia
488 701 520 730 in
542 697 649 730 littera
671 709 690 731 ³7
713 699 841 740 saepius
865 697 960 729 obvia
983 698 1044 739 (de
1059 709 1121 740 qua
1136 698 1277 730 diximus
1296 700 1334 730 ad
1351 697 1480 730 Numid.
1495 703 1515 730 4
1534 698 1590 730 lin.
1606 700 1645 738 2)
1667 700 1736 730 sive
1749 700 1897 731 statuarii

1322 749 1337 759 ‘-

268 777 377 798 errore
398 773 564 797 exaratum
588 766 712 797 videtur
733 777 789 808 pro
810 774 905 798 πηνα»)
928 766 1070 797 deliciae
1093 777 1185 797 meae¹
1206 765 1299 808 (coll.
1323 755 1375 818 μου
1400 765 1575 809 deliciae),
1599 767 1682 809 quod
1707 768 1746 798 de
1767 768 1897 799 numine

268 845 402 882 dicitur,
442 844 534 874 cuius
561 841 678 874 cultrix
708 850 778 875 erat
807 841 941 881 Thebe,
978 848 1012 873 ut
1034 844 1109 889 0va
1131 852 1224 891 ⁰3⁷2st
1246 842 1331 875 Dan.
1356 846 1407 882 11,
1433 844 1473 875 37
1504 843 1646 875 deliciae
1668 844 1836 875 mulierum
1859 843 1898 874 de

268 899 355 932 idolo
385 911 404 930 a
435 898 622 930 mulieribus
653 899 797 930 studiose
828 898 923 931 culto.
976 898 1101 936 Quibus
1132 901 1243 941 positis
1271 899 1350 931 haec
1380 900 1489 942 prodit
1513 901 1689 931 sententia:
1721 900 1898 932 Honorata

267 960 357 994 esto,
388 966 406 986 o
429 956 557 986 cultrix
579 955 771 986 deliciarum
794 966 935 987 mearum
956 957 978 986 i.
1000 966 1029 986 e.
1053 954 1203 987 Osiridis.
1251 945 1409 998 Loquitur
1434 963 1541 998 pater,
1573 955 1715 988 Osiridis
1736 956 1897 994 sacerdos,

258 1014 322 1054 'qui
346 1011 433 1043 hunc
457 1010 582 1042 titulum
605 1010 692 1042 filiae
715 1012 830 1053 posuit.

394 1119 461 1152 0⁷:127
485 1125 560 1151 *mn
586 1120 681 1158 Γπ]··ἰ>η
713 1127 788 1163 γἐιπν
805 1122 839 1149 et
868 1120 959 1149 inter
985 1119 1062 1158 pios·
1085 1122 1164 1149 esto.
1209 1117 1299 1150 Vale.
1354 1118 1550 1150 Litterarum
1578 1120 1671 1150 uncis
1701 1118 1897 1150 inclusarum

268 1177 404 1218 vestigia
426 1176 458 1206 in
481 1174 588 1216 lapide
612 1174 748 1206 feliciter
771 1175 936 1216 indagavit
958 1180 989 1204 et
1012 1180 1084 1215 apte
1106 1173 1264 1216 supplevit
1284 1175 1445 1214 Lancius,
1475 1175 1535 1206 hoc
1559 1177 1688 1207 nomine
1711 1177 1780 1206 iure
1804 1176 1898 1205 meri-

267 1243 363 1277 toque
391 1234 582 1266 laudandus.
633 1241 716 1267 rnen
747 1244 765 1264 a
795 1216 892 1264 lenm-'u
921 1234 1002 1276 pius.
1054 1233 1115 1264 Pro
1140 1241 1234 1272 wrm,
1273 1235 1356 1277 quod
1386 1245 1447 1277 ego
1470 1236 1587 1273 sumsi,
1625 1235 1766 1266 Lancius
1789 1234 1899 1276 posuit

268 1295 354 1328 ’πῖ-ὲ.
399 1293 491 1325 Haec
520 1301 626 1325 autem
657 1293 761 1324 forma
790 1304 887 1335 quum
913 1294 945 1324 in
976 1292 1018 1325 V.
1043 1292 1103 1331 T.‚
1132 1292 1165 1323 id
1197 1294 1280 1335 quod
1303 1302 1390 1325 recto
1417 1295 1524 1325 docuit
1546 1287 1699 1332 Beerius,
1736 1303 1898 1335 nunquam

272 1362 336 1383 non
360 1357 498 1392 ponatur
518 1361 576 1392 pro
600 1352 619 1380 3
640 1360 737 1380 masc.
761 1349 819 1380 fut.
843 1357 921 1395 &7233
945 1350 1248 1392 (quomodocunque
1271 1351 1303 1381 id
1327 1350 1523 1393 explicabis)
1551 1351 1622 1382 Esr.
1641 1353 1672 1388 7,
1691 1352 1740 1381 26.
1768 1349 1851 1380 Dan.
1865 1351 1896 1386 2,

269 1410 320 1439 45.
346 1409 377 1446 3,
396 1410 445 1438 18.
468 1410 500 1445 4,
517 1409 566 1437 22.
587 1408 618 1444 5,
635 1409 694 1444 29,
733 1417 790 1437 nec
818 1394 942 1448 placeat
964 1406 1139 1437 sententia:
1174 1410 1207 1437 et
1230 1409 1319 1437 iuter
1337 1410 1412 1449 pios
1436 1411 1504 1438 esto
1521 1416 1614 1448 pax,
1644 1405 1782 1448 legimus
1805 1413 1894 1443 ⁹7:717,

270 1463 354 1506 quod
386 1463 496 1494 itidem
527 1463 634 1493 serunt
662 1461 788 1493 litterae
816 1464 963 1505 vestigia.
1015 1463 1082 1497 ubiz)
1112 1469 1217 1493 autem
1246 1464 1442 1505 respondere
1474 1474 1591 1495 censeo
1614 1463 1688 1494 trito
1712 1461 1761 1493 illi
1782 1463 1895 1503 Χαῖρε,

269 1520 366 1552 Have
390 1521 423 1550 in
448 1517 707 1560 inscriptionibus
730 1518 963 1560 sepulcralibus
987 1519 1184 1551 Graecorum
1207 1526 1239 1550 et
1261 1518 1491 1552 Romanorum.

396 1623 428 1650 4.
472 1617 523 1649 De
548 1618 703 1660 Aegypto
725 1616 821 1648 huius
843 1619 1042 1649 monumenti
1058 1622 1197 1660 pah-ia,
1221 1619 1260 1650 de
1284 1629 1346 1661 qua
1361 1617 1477 1650 multus
1494 1625 1542 1650 est
1559 1618 1701 1650 Lancius
1723 1628 1754 1659 p.
1771 1619 1812 1649 67
1827 1627 1896 1658 sqq.

269 1676 344 1708 licet
367 1675 563 1717 argumentis
588 1685 664 1706 usus
687 1685 728 1706 ex
752 1681 842 1716 parte
865 1674 1034 1713 inanibus,
1058 1674 1109 1705 vel
1133 1682 1261 1717 propter
1282 1676 1440 1718 imagines
1463 1682 1494 1706 et
1509 1674 1741 1716 Aegyptiorum
1764 1674 1896 1704 deorum

270 1732 388 1765 cultum
419 1730 560 1762 dubitari
592 1731 647 1762 vix
678 1737 822 1771 poterat,
859 1741 1039 1773 quanquam
1069 1729 1231 1763 Osiridem
1263 1733 1358 1763 etiam
1386 1743 1406 1762 a
1434 1731 1648 1763 Phoenicibus
1671 1728 1896 1761 Melitensibus

270 1788 390 1820 cultum
414 1798 485 1818 esse
509 1788 628 1818 scimus
651 1786 699 1828 (v.
723 1788 763 1818 ad
785 1788 883 1819 inscr.
907 1785 1011 1818 Melit.
1036 1791 1048 1818 1
1077 1795 1109 1818 et
1132 1799 1246 1820 numos
1273 1787 1473 1826 Gaulhanos,
1502 1787 1558 1819 lib.
1581 1787 1640 1826 111,
1665 1798 1716 1819 no.
1739 1787 1816 1828 14):
1838 1787 1896 1818 sed

271 1852 358 1877 certo
392 1851 424 1874 et
456 1842 632 1874 indubitato
671 1850 860 1885 argumento
898 1850 973 1874 sunt
1009 1845 1125 1885 partim
1159 1851 1367 1876 monumenta
1403 1844 1529 1886 lapidea
1565 1843 1640 1875 huic
1669 1843 1835 1875 simillima
1861 1844 1895 1874 in

270 1902 416 1944 Aegypto
446 1907 571 1947 reperta
601 1906 632 1929 et
662 1910 703 1930 ex
733 1907 820 1941 parte
852 1901 1010 1942 aegyptiis
1032 1899 1149 1932 litteris
1172 1900 1302 1942 impleta
1325 1901 1377 1940 (v.
1399 1902 1427 1939 §.
1451 1904 1470 1932 2
1494 1907 1526 1931 et
1547 1911 1622 1931 mox
1646 1911 1699 1931 no.
1723 1899 1894 1940 LXXII),

269 1959 382 2001 partim
399 1958 508 1999 papyri
525 1956 637 1987 eodem
653 1957 829 1998 scripturae
847 1967 966 1999 genere
982 1957 1157 1999 eademque
1170 1956 1306 1988 dialecto
1321 1959 1468 1999 inscripti
1487 1957 1552 1998 (no.
1565 1956 1725 1989 LXXIII.
1737 1955 1895 1987 LXXIV.

269 2013 436 2055 LXXV).

399 2111 501 2144 Tituli
532 2116 697 2144 auctorem
725 2111 860 2143 Beerius
889 2111 972 2143 libro
1001 2113 1054 2144 cit.
1083 2114 1219 2153 (introd.
1244 2124 1274 2154 p.
1300 2116 1329 2145 8.
1352 2113 1392 2154 9)
1423 2112 1584 2144 hominem
1615 2111 1772 2143 Judaeum
1795 2112 1895 2143 fuisse

272 2171 434 2202 existimat
469 2170 502 2200 in
541 2168 691 2210 Aegypto
720 2169 887 2210 degentem
919 2176 949 2199 et
978 2169 1140 2212 Aegyptio
1170 2169 1270 2201 cultui
1298 2170 1478 2208 addictum,
1517 2176 1582 2200 tum
1613 2169 1654 2200 ad
1684 2168 1896 2201 Hebraismos

272 2237 450 2269 provocans
462 2227 494 2257 in
508 2232 659 2257 contextu
674 2236 821 2256 aramaeo
835 2225 1006 2256 identidem
1022 2233 1175 2268 repertas,
1196 2234 1262 2257 tum
1278 2227 1316 2257 ad
1333 2225 1530 2268 singularem
1545 2227 1720 2267 scripturae
1733 2235 1895 2257 aramaeo-

272 2285 475 2326 aegyptiacae
498 2293 561 2313 non
588 2281 692 2313 solum
715 2292 787 2313 cum
811 2281 1019 2322 Palmyrena,
1046 2283 1103 2313 sed
1127 2283 1208 2314 adeo
1231 2293 1300 2313 cum
1324 2282 1462 2313 hebraea
1485 2283 1658 2324 quadrata,
1682 2283 1773 2313 cuius
1794 2288 1894 2312 mater

273 2350 344 2371 esse
366 2340 510 2378 videtur,
540 2340 802 2375 consensionem3
843 2339 1039 2381 eandemque
1063 2340 1221 2381 originem
1243 2340 1291 2370 vir
1314 2339 1517 2370 doctissimus
1538 2340 1634 2369 etiam
1657 2349 1775 2380 papyro
1805 2337 1895 2369 Tau-

274 2397 394 2427 rinensi
418 2403 450 2426 et
471 2396 658 2437 fragmentis
682 2394 897 2426 Blacassianis
920 2396 1074 2437 assignat.
1126 2395 1220 2432 Quod
1245 2396 1370 2438 quidem
1391 2397 1548 2438 posterius
1577 2405 1756 2438 quanquam
1780 2401 1812 2425 et
1833 2404 1893 2436 ego

275 2462 468 2494 magnopere
497 2452 599 2494 probo
627 2459 659 2483 et
686 2453 897 2484 certissimum
927 2451 1050 2490 habeo,
1086 2453 1214 2494 aegrius
1243 2460 1348 2484 tamen
1379 2463 1398 2483 a
1426 2463 1477 2484 me
1499 2453 1654 2494 impetro,
1691 2458 1725 2482 ut
1754 2451 1823 2480 eius
1853 2450 1892 2480 de

276 2507 370 2540 huius
398 2510 496 2539 nostri
519 2510 716 2540 monumenti
737 2510 914 2540 sententiae
939 2507 1014 2540 licet
1036 2507 1164 2551 linguae
1187 2516 1218 2540 et
1240 2510 1416 2551 scripturae
1438 2508 1614 2540 similitudo
1637 2505 1773 2539 similem
1797 2506 1893 2546 origi-

276 2574 348 2595 nem
368 2564 502 2595 suadere
526 2567 641 2606 possit,
681 2567 855 2604 assentiar,
890 2566 1075 2607 praesertim
1099 2576 1194 2608 quum
1214 2564 1300 2597 aliud
1324 2564 1428 2596 simile
1451 2565 1624 2596 accesserit
1653 2565 1725 2605 (no.
1746 2560 1891 2601 LXXI).

276 2619 446 2652 Faciamus
475 2622 578 2659 enim,
616 2623 699 2663 quod
730 2624 761 2653 in
792 2623 888 2654 tantis
910 2621 1103 2653 Judaeorum
1125 2621 1356 2665 Aegyptiorum
1380 2620 1558 2663 privilegiis
1588 2627 1619 2651 et
1640 2616 1891 2650 immunitatibus
