2242 2976
423 269 762 304 INSCRIPTIONES
785 269 1025 303 CITIENSES.
1069 269 1391 304 XXXVIII—XL.
1415 269 1579 303 GEMMA
1600 269 1685 303 cl'r.
1796 271 1868 309 153

241 365 437 398 censendum
460 367 523 397 erit
545 376 564 397 a
585 374 642 408 πρε,
668 365 833 404 cinaeus,
869 364 1027 396 Citiensis
1057 364 1100 407 (n
1124 371 1156 397 et
1178 373 1199 397 2
1223 364 1450 407 permutatis),
1488 375 1550 407 quo
1572 365 1676 407 posito
1698 364 1754 396 vix
1777 374 1796 395 a
1816 373 1869 395 me

239 423 395 465 impetro,
428 424 503 465 quin
526 421 667 465 aliquam
690 421 959 454 necessitudinem
974 421 1182 453 intercedere
1204 422 1349 464 suspicer
1371 422 1456 453 inter
1478 428 1554 464 ²²³²?ss
1581 421 1719 464 Cyprios
1740 427 1772 452 et
1791 429 1868 463 *qi-3,

237 487 333 521 mn,
371 478 490 511 tribum
521 479 763 510 Cananaeorum
795 477 898 520 (Gen.
924 480 976 517 15,
1000 480 1051 510 10.
1083 477 1179 510 Deut.
1204 480 1255 517 17,
1282 481 1310 509 1.
1339 476 1406 510 Jos.
1431 481 1512 518 1‚4,
1550 477 1650 510 Thes.
1674 477 1752 521 ling.
1775 476 1866 510 hebr.

236 545 267 578 p.
283 535 384 577 541),
412 537 505 567 cuius
528 545 645 567 nomen
668 533 825 577 ampliore
846 532 1028 576 significatu
1051 534 1091 566 ad
1114 545 1226 567 omnes
1249 534 1379 566 omnino
1397 532 1587 567 cananaeos
1602 533 1790 567 translatum
1807 540 1867 574 est,

237 591 278 624 cf.
299 599 406 635 tunt-m
428 591 507 636 ’ἕξις
529 595 549 624 2
564 591 644 634 Reg.
660 593 692 630 7,
709 592 749 630 6,
780 597 812 621 et
833 599 941 634 worp-,t
964 598 1036 636 *mig
1058 590 1127 624 Jos.
1143 594 1173 630 1,
1186 595 1208 622 4
1230 591 1269 622 de
1289 591 1441 622 universa
1462 590 1645 623 Palaestina
1668 598 1865 635 usurpatum.

236 646 357 686 Quidni
386 634 480 681 enim·
509 655 704 686 statuamus,
728 646 909 688 ,citienses
938 645 1055 689 Cypri,
1096 658 1176 690 quos
1211 646 1408 679 Phoenicum
1444 646 1576 679 colonos
1610 647 1710 680 fuisse
1747 649 1866 680 scimus

235 705 330 748 (pag.
346 704 453 747 122),
492 704 534 737 ab
555 704 616 736 hac
643 713 754 735 eorum
775 703 860 735 tribu
882 703 1042 746 profectos
1071 703 1166 736 esse?
1206 703 1321 736 Forma
1344 710 1429 735 certe
1451 704 1532 735 mire
1563 705 1730 746 congruit,
1762 715 1866 747 neque

235 760 331 794 facile
350 761 543 794 citiensium
565 761 681 805 (2:⁸1ng)
703 771 819 793 nomen
841 759 906 792 alio
928 761 1024 792 modo
1046 759 1206 802 explices,
1228 761 1282 804 qui
1303 761 1459 792 maiorem
1482 761 1549 791 veri
1573 761 1713 803 speciem
1736 759 1864 793 habeat.

236 837 276 843 —
306 817 430 850 Lineae
453 824 619 850 extremae
642 824 790 861 quattuor
810 816 938 848 litterae
967 815 1020 848 vel
1051 818 1097 848 ita
1128 815 1193 860 legi
1222 824 1378 860 possunt,
1415 823 1451 848 ut
1479 815 1614 848 fecimus
1646 815 1736 859 (coll.
1767 818 1864 849 inscr.

235 873 476 917 Carpentoract.
499 881 580 907 extr.
604 881 636 906 et
653 874 745 907 sard.
761 872 819 907 lin.
834 876 864 905 3.
878 878 910 905 4.
926 876 944 906 5
955 873 984 915 ),
1006 872 1059 905 vel
1075 883 1101 907 w
1120 880 1228 917 potest
1242 874 1393 916 scriptum
1409 883 1480 905 esse
1497 884 1556 916 pro
1571 874 1699 916 integro
1719 883 1770 910 πω
1789 874 1865 916 (ῆῐζ)

219 934 407 974 princeps,
429 938 465 962 ut
490 929 619 974 legatur
648 931 708 966 nub
739 939 809 970 ῆι»,
842 931 899 978 3:222}=
924 932 976 972 niz}
992 934 1170 973 princepe,
1196 930 1394 972 praefectus
1419 930 1541 973 populi
1560 937 1592 977 et
1613 930 1654 962 ad
1676 931 1781 963 virum
1804 930 1864 963 sub

234 986 303 1018 hoc·
319 987 410 1029 cippo
431 986 608 1029 sepultum,
638 985 969 1024 Nezib-Esmunum,
999 986 1168 1018 referatur.
1209 985 1261 1018 De
1283 985 1412 1018 Lamed
1431 987 1515 1018 inter
1539 995 1590 1022 πω
1613 993 1645 1019 et
1666 994 1705 1021 ns
1726 987 1801 1020 vide
1824 987 1864 1019 ad

235 1041 298 1076 Cit.
323 1046 339 1075 1
369 1050 403 1075 et
421 1041 556 1076 Numid.
577 1046 594 1075 1
617 1042 675 1075 lin.
698 1046 730 1077 2.

968 1143 1124 1176 XLbis.

676 1211 941 1246 GEMMA
997 1210 1421 1245 CITIENSIS.

360 1302 455 1335 Hanc
484 1313 644 1346 gemmam
671 1303 756 1335 inter
784 1304 900 1337 rudera
930 1302 1051 1346 (Citii)
1083 1313 1182 1346 prope
1208 1303 1387 1334 Larnecam
1419 1309 1579 1345 repertam
1608 1304 1730 1345 primus
1764 1303 1865 1335 edidit

233 1359 273 1392 E.
288 1358 336 1391 ⁴1).
361 1358 496 1391 Cmnxt:
519 1360 552 1391 in
582 1359 715 1391 Travele
737 1362 773 1391 in
795 1364 928 1392 various
950 1363 1117 1392 countriee
1139 1359 1182 1399 of
1197 1358 1352 1402 Europe,
1377 1359 1465 1391 Asia
1487 1358 1555 1390 and
1575 1359 1702 1399 Africa
1723 1358 1799 1390 Vol.
1815 1357 1864 1390 IV

233 1426 263 1458 p.
284 1418 342 1455 33,
379 1417 471 1448 cuius
501 1415 581 1448 haec
610 1423 686 1448 sunt
707 1412 822 1448 verba:
851 1416 924 1448 The
948 1417 1119 1449 substance
1143 1415 1179 1447 of
1199 1416 1224 1446 it
1246 1417 1274 1447 is
1297 1428 1336 1448 an
1362 1427 1468 1458 onyx,
1497 1418 1530 1448 in
1554 1426 1572 1446 a
1596 1426 1674 1456 very
1698 1415 1861 1447 advanced

232 1478 314 1504 state
344 1471 381 1503 of
406 1471 673 1515 decomposition.
826 1471 899 1505 The
929 1474 1056 1515 subject
1082 1473 1290 1515 represented
1323 1484 1456 1515 appears
1485 1479 1518 1504 to
1550 1472 1591 1504 be
1622 1483 1641 1503 a
1662 1472 1761 1511 dove,
1791 1474 1864 1503 avie

231 1526 366 1570 Paphia
395 1527 538 1569 (Tibull.
565 1532 602 1567 1,
626 1531 664 1568 8,
688 1532 743 1561 18:
777 1529 854 1561 alba
885 1531 1081 1562 Palaestino
1111 1534 1228 1561 nancta
1256 1529 1402 1561 columba
1431 1528 1557 1571 Syro),
1592 1539 1612 1559 a
1640 1538 1718 1569 very
1741 1528 1864 1559 antient

231 1582 359 1626 symbol
380 1583 417 1615 of
435 1583 549 1616 Venus
571 1585 635 1617 and
659 1585 696 1617 of
715 1585 856 1618 Astarte.
900 1585 966 1618 But
988 1586 1111 1618 wether
1135 1585 1188 1616 the
1214 1585 1318 1628 figure
1341 1584 1452 1628 placed
1475 1585 1588 1617 before
1611 1583 1664 1616 the
1687 1583 1759 1616 bird
1781 1584 1822 1616 be
1845 1594 1864 1615 a

231 1642 325 1684 grain
355 1640 391 1673 of
416 1640 471 1672 the
493 1641 634 1674 bearded
655 1641 763 1675 wheat
785 1653 822 1674 so
847 1653 993 1675 common
1017 1644 1049 1674 in
1074 1641 1201 1684 Cyprus
1225 1653 1261 1673 or
1284 1653 1347 1683 any
1370 1642 1463 1674 other
1486 1649 1561 1684 type
1587 1641 1762 1673 connected
1783 1640 1861 1673 with

233 1698 277 1730 its
305 1698 429 1729 antient
457 1697 662 1741 mythology,
696 1700 721 1730 it
750 1701 778 1731 is
807 1706 862 1731 not
890 1711 966 1740 easy
990 1706 1022 1731 to
1045 1700 1237 1740 conjecture.
1249 1701 1271 1718 ‘⁴
1317 1697 1442 1730 Clarkii
1464 1698 1711 1731 delineationem
1737 1697 1864 1739 repetiit

234 1752 424 1796 Lindberg,
459 1754 499 1786 de
530 1755 625 1786 inser.
656 1754 763 1787 Melit.
793 1755 856 1787 tab.
887 1758 924 1793 6,
961 1757 1040 1788 satis
1069 1762 1236 1795 accurate,
1272 1763 1398 1799 praeter
1431 1754 1491 1788 litt.
1522 1763 1563 1795 ³,
1600 1765 1694 1798 quam
1725 1754 1861 1786 auritam

234 1810 322 1842 dedit
343 1811 445 1841 invito
469 1809 595 1842 Clarkii
617 1810 778 1854 exemplo.
998 1815 1000 1817 “

361 1916 658 1960 Interpretationem
681 1918 751 1949 eius
771 1917 988 1964 Lindbergius
1013 1917 1057 1960 (l.
1074 1929 1101 1950 c.
1123 1929 1196 1961 pag.
1213 1918 1274 1960 62)
1298 1918 1381 1950 hanc
1404 1919 1502 1951 dedit:

914 2018 1005 2043 *mm
1029 2018 1064 2051 3³
1091 2010 1178 2043 nos:

822 2078 967 2111 Bet-acha·
978 2079 1057 2118 filia·
1076 2079 1250 2118 Amclmdi,

233 2169 272 2201 de
299 2170 464 2201 nominum
494 2170 694 2211 propriorum
724 2176 829 2211 etymo
859 2169 940 2201 nihil
964 2171 1093 2202 addens.
1138 2170 1295 2212 Equidem
1319 2171 1477 2212 posterius
1500 2170 1608 2214 legere
1629 2170 1738 2203 malim
1763 2179 1856 2206 'nr-17³³?

234 2225 254 2257 i.
291 2236 319 2258 e.
355 2234 460 2272 ’πῃ-ἠιξ
498 2227 672 2268 (cognatus
709 2225 886 2267 nobilium)
926 2230 945 2257 2
975 2226 1061 2257 Sam.
1093 2230 1153 2266 13,
1184 2228 1224 2258 37
1265 2225 1444 2266 Chethibh‚
1490 2228 1529 2259 cf.
1568 2229 1669 2272 533³)ng
1704 2234 1857 2271 cognatus

234 2281 315 2321 Dei,
350 2290 465 2329 ³33'722
492 2289 647 2325 cognatus
677 2284 833 2325 principis
864 2289 895 2314 et
925 2283 964 2314 de
994 2282 1055 2314 hac
1083 2282 1234 2314 vocabuli
1265 2291 1304 2316 ns
1335 2283 1570 2326 significatione
1600 2285 1682 2317 Lex.
1710 2282 1857 2317 manuale

233 2348 307 2381 pag.
328 2341 401 2372 ⁷72.
443 2339 494 2371 De
523 2340 629 2381 priore
659 2338 741 2370 nihil
771 2338 910 2378 definio,
948 2345 1074 2382 praeter
1104 2339 1164 2371 litt.
1195 2342 1223 2370 1.
1254 2345 1286 2370 et
1308 2342 1348 2379 3,
1388 2352 1466 2384 quas
1490 2341 1576 2373 Beth
1604 2349 1635 2373 et
1660 2341 1763 2373 cheth
1786 2351 1856 2372 esse

234 2395 313 2426 scio.
353 2395 431 2428 Litt.
449 2400 468 2428 2
488 2396 568 2427 duas
590 2396 657 2427 fere
679 2395 803 2428 litteras
826 2406 990 2427 connexas
1012 2397 1175 2427 continere
1191 2396 1334 2436 videtur,
1361 2404 1394 2429 et
1416 2397 1531 2430 similis
1555 2404 1604 2430 est
1624 2397 1749 2434 litteris,
1763 2406 1799 2431 772
1823 2398 1854 2428 in

234 2451 389 2492 scriptura
417 2452 623 2494 Palmyrena:
661 2452 797 2484 fortasse
829 2454 925 2484 etiam
948 2451 1096 2484 circellus
1126 2451 1181 2484 ille
1207 2454 1347 2494 auritus,
1378 2466 1472 2498 quem
1496 2456 1604 2487 omisit
1626 2454 1853 2496 Lindbergius‚

235 2504 349 2539 litteris
372 2509 630 2542 annumerandus
656 2516 723 2548 est,
754 2511 916 2552 possitque
944 2509 1004 2541 Tet
1025 2508 1132 2540 littera
1157 2509 1269 2543 videri.

1430 2697 1471 2726 20
