2242 2976
343 261 393 297 78
465 255 599 290 LIBER
620 254 798 288 PRIMUSa
840 253 1216 287 PALAEOGRAPHIA
1236 253 1490 288 PHORNIGIA.
1533 254 1682 289 CAPUT
1701 254 1930 295 QUINTUM.

345 363 438 393 nere,
467 362 533 384 non
551 351 621 381 eius
642 353 777 381 matrem
799 350 891 388 esse,
921 347 1075 391 illiusque
1097 349 1339 392 inscriptionis,
1369 349 1410 381 de
1433 349 1524 380 obius
1547 350 1652 380 aetate
1667 356 1703 380 et.
1712 347 1828 393 lingna
1838 351 1971 382 minime

347 397 488 447 constat,
525 407 651 439 litteras
673 416 694 436 a
717 404 847 447 Koppio
869 412 903 436 et
922 406 977 447 qui
999 405 1084 437 hunc
1105 412 1226 437 temere
1247 406 1349 438 secuti
1370 411 1465 443 sunt,
1499 405 1570 436 sine
1591 402 1660 437 ulls
1674 405 1798 438 >idean
1812 415 1918 439 cansa
1937 407 1971 438 in

345 467 447 508 prima
470 464 569 496 totius
590 461 788 494 litteraturae
810 462 880 493 acie
903 460 1076 494 collocatas
1098 472 1182 494 esse.
1447 463 1449 465 '

464 564 500 597 ο.
541 560 788 595 scmr'rURA
817 561 1133 595 HEBRAEORUM
1156 560 1408 600 ANTlQUIOR
1430 560 1528 594 CUM
1550 543 1882 610 SAMAmrr-ANAg
1935 593 1938 596 ,

1102 649 1130 687 ς.
1158 651 1212 681 51.

786 716 941 748 Prisca
972 714 1267 748 Hebraeorum
1297 717 1531 758 scriptura.

473 797 502 825 1.
540 793 621 825 Eam
643 794 855 835 scripturam,
895 802 976 835 quae
1005 793 1038 824 in
1069 792 1247 835 principum
1278 790 1546 824 Maccahaeorum
1569 791 1771 824 numismatis
1795 799 1972 835 comparet,

344 852 483 893 priscam
521 849 622 882 fuisse
659 847 884 880 Hebraeorum
919 847 1150 887 litteraturam,
1186 849 1220 880 in
1259 858 1299 880 eo
1334 856 1463 881 nostrae
1499 849 1613 880 aetatis
1642 847 1875 891 Palaeographi
1904 847 1974 881 fore

346 906 569 944 consentiunt,
600 905 695 948 idque
717 916 737 936 a
760 903 855 937 nobis
878 901 956 936 alibi
979 905 1140 948 copiosius
1162 904 1356 947 disputatum
1378 906 1418 947 ·).
1463 904 1617 937 Eiusdem
1639 910 1745 937 antem
1767 906 1972 948 permagnam

345 973 417 995 esse
448 973 521 994 cum
548 960 663 994 litteris
691 960 902 993 samaritanis
929 960 1172 993 similitudinem
1203 962 1249 993 ita
1275 962 1419 1005 agnitum
1449 967 1498 994 est
1526 972 1546 993 a
1575 952 1653 993 viris
1683 960 1805 1001 doctis,
1843 970 1886 994 ex
1908 968 1972 1006 quo

346 1021 547 1052 innotescere
570 1025 742 1060 coeperunt
762 1016 818 1049 illa
841 1018 1053 1056 numismata,
1070 1031 1073 1033 “
1091 1024 1127 1049 ut
1148 1025 1279 1060 propter
1300 1017 1362 1050 hoc
1383 1018 1488 1061 ipsum
1509 1017 1550 1049 ad
1573 1024 1685 1049 nostra
1706 1023 1806 1061 usque
1828 1015 1973 1060 *tempora

345 1077 464 1115 „numi
488 1074 701 1113 Samaritani,
733 1063 1139 1106 ‘Hebraeo-Samaritani‘*
1162 1071 1319 1117 appellati
1344 1075 1409 1106 sint
1438 1074 1486 1116 (5.
1503 1073 1564 1116 2),
1590 1073 1670 1106 licet
1689 1071 1729 1106 ad
1752 1061 1973 1106 Sandan-imno·

346 1142 479 1175 prorsus
509 1141 572 1163 non
595 1130 791 1173 pertinerent
811 1129 871 1171 ὓ).
916 1127 1134 1173 Quaecunque
1156 1131 1255 1173 igitur
1276 1131 1437 1173 antiquior
1461 1131 1531 1162 eius
1552 1129 1689 1162 historia
1710 1133 1760 1162 es't
1780 1148 1824 1155 -—
1847 1139 1910 1172 qua
1931 1129 1972 1177 de

346 1199 380 1220 re
402 1188 564 1230 disputare
586 1197 671 1218 nunc
693 1197 758 1218 non
782 1194 873 1219 vacat
893 1206 936 1212 -—
957 1185 1037 1218 illud
1060 1187 1273 1218 certissimum
1295 1187 1440 1226 videtur,
1474 1197 1494 1218 a
1519 1185 1887 1219 Phoenicia'littera'tura
1900 1195 1991 1227 eam,

345 1250 533 1288 prognatam
562 1254 651 1283 esse,
685 1244 708 1274 'a
736 1242 950 1275 Samaritanis
977 1249 1084 1275 autem
1105 1249 1215 1286 utpote
1237 1250 1378 1275 veterem
1400 1249 1433 1275 et
1453 1244 1627 1287 genuinam
1649 1240 1760 1286 populi
1782 1242 1973 1285 scripturam

346 1301 456 1343 paucis
480 1301 609 1332 mutatis
638 1304 813 1339 retentam,
853 1309 949 1342 quum
978 1298 1094 1331 Judaei
1112 1306 1235 1331 -contra
1263 1297 1459 1332 Aramaeum
1489 1298 1650 1343 quoddam
1679 1295 1843 1331 scribendi
1869 1302 1972 1342 genus

346 1355 613 1399 amplecterentur
630 1355 692 1398 (cs.
705 1357 732 1395 fi.
744 1359 800 1395 42,
811 1355 865 1397 4);
887 1366 991 1398 neque
1006 1365 1137 1398 prorsus
1154 1356 1388 1388 contemnenda
1399 1363 1450 1388 est
1464 1357 1539 1389 trita
1554 1354 1612 1389 illa
1626 1355 1667 1388 de
1682 1356 1841 1398 scriptura
1851 1361 1974 1387 mutata

348 1413 496 1451 traditio,
535 1422 630 1454 quam
666 1419 817 1455 tanquam
854 1410 999 1443 inutilem
1034 1410 1186 1443 fabellam
1220 1411 1380 1444 abiectam
1415 1411 1527 1445 volunt
1554 1410 1701 1445 nonnulli
1729 1412 1924 1444 recentiores
1951 1421 1973 1443 a

348 1468 476 1511 Koppio
506 1468 576 1509 (11,
606 1471 667 1500 160
695 1469 783 1511 sqq.)
817 1468 936 1500 dictata
963 1475 1083 1500 temere
1114 1469 1275 1507 meinero,
1310 1479 1405 1511 quam
1435 1470 1504 1501 suis
1533 1467 1635 1501 oculis
1663 1468 1773 1500 videre
1805 1466 1971 1499 malentes.

349 1524 540 1566 Quanquam
554 1525 639 1555 enim
654 1523 748 1555 facile
764 1524 980 1563 concedimus,
997 1524 1111 1555 Esram
1127 1525 1303 1566 scripturae
1319 1531 1458 1556 mutatae
1473 1531 1636 1557 auctorem
1651 1535 1723 1556 esse
1738 1534 1802 1556 non
1818 1524 1970 1566 potuisse,

349 1587 381 1611 et
395 1581 583 1622 scripturam
597 1580 783 1621 quadratam
800 1579 909 1612 seculo
921 1581 1047 1612 demum
1060 1586 1130 1622 post
1139 1578 1215 1612 Chr.
1224 1581 1321 1612 tertio
1336 1587 1439 1613 ortam
1453 1591 1537 1620 esse,
1550 1587 1690 1612 attamen
1698 1579 1840 1612 Iudaeos
1853 1578 1973 1612 seculis

348 1647 455 1668 aeram
480 1635 687 1668 christianam
710 1637 856 1679 proxime
880 1635 1142 1668 antecedentibus
1164 1647 1230 1668 una
1251 1647 1322 1668 cum
1342 1636 1452 1679 ling-ua
1474 1635 1636 1670 Chaldaea
1658 1637 1756 1668 etiam
1776 1636 1973 1669 Aramaeum

347 1693 505 1735 quoddam
527 1693 702 1735 scripturae
725 1703 828 1735 genus
848 1693 1036 1735 adoptasse,
1071 1691 1266 1725 Judaeorum
1288 1692 1520 1736 Aegyptiorum
1546 1699 1753 1724 monumenta
1774 1693 1821 1732 (ς.
1841 1696 1882 1724 41
1903 1703 1971 1737 sqq.

346 1749 401 1780 lib.
426 1748 468 1787 11,
493 1760 559 1791 cap.
577 1749 617 1789 8)
633 1746 818 1788 ‚luculenter
840 1750 966 1781 docent.
1009 1749 1180 1780 Praeterea
1200 1750 1359 1791 scriptura
1381 1749 1535 1792 quadrata
1557 1750 1690 1782 minime
1712 1759 1755 1781 ex
1782 1750 1889 1792 prisca
1916 1746 1973 1781 illa

347 1804 570 1836 Hebraeorum
593 1806 749 1847 scriptura
770 1812 841 1837 orta
861 1812 930 1844 est,
961 1816 1055 1848 quam
1078 1816 1162 1837 nunc
1184 1812 1376 1845 tractamus,
1403 1816 1485 1848 qnae
1508 1812 1620 1838 contra
1634 1797 1845 1837 Samaritanis
1860 1806 1971 1849 cessitf.

347 1862 403 1893 sed
436 1872 478 1893 ex
506 1860 892 1905 Aramaea·Aegyptiaca
920 1869 952 1894 et
972 1861 1183 1903 Palmyrena,
1215 1869 1250 1893 ut
1271 1861 1370 1894 verbo
1393 1863 1516 1902 dicam,
1539 1872 1580 1893 ex
1605 1860 1775 1894 Ararnaeis
1795 1855 1973 1904 scripturae

347 1917 539 1960 generibus,
569 1927 649 1958 quae
677 1916 739 1948 soli
760 1917 890 1960 linguae
912 1917 1090 1950 Aramaeae
1113 1918 1302 1951 scribendae
1320 1917 1397 1950 olim
1421 1917 1666 1950 adhibebantur.
1717 1917 1845 1958 Quodsi
1874 1918 1972 1961 igitur

350 1972 537 2006 Hebraeum
553 1972 684 2005 Veteris
707 1972 907 2005 Testamenti
928 1982 1112 2006 contextum
1133 1976 1166 2006 in
1189 1974 1354 2007 codicibus
1376 1974 1428 2006 his
1448 1973 1565 2006 litteris
1586 1979 1753 2006 exaratum
1776 1975 1971 2013 invenimus,

349 2040 411 2062 nen
433 2040 604 2072 possumus
626 2040 690 2061 non
713 2030 840 2069 dicere,
878 2029 1001 2075 hasxad
1024 2030 1188 2062 Hebraic'a
1209 2030 1379 2062 scribenda
1400 2031 1583 2063 translatae
1606 2031 1688 2062 esse.

454 2083 553 2117 Numi
568 2085 628 2117 hac
643 2084 826 2118 litteratura
840 2087 984 2129 inscripti
999 2080 1074 2118 inde
1090 2086 1130 2118 ab
1146 2087 1232 2118 anno
1245 2085 1376 2119 CLXX
1393 2087 1637 2129 computationis
1649 2085 1888 2118 Seleucidarum
1904 2086 1972 2129 (qui

350 2143 454 2184 coepit
474 2149 646 2174 auctumno
670 2144 746 2174 anni
763 2154 795 2185 p.
813 2143 855 2175 V.
871 2141 909 2175 C.
922 2146 980 2176 611
993 2143 1024 2185 ),
1048 2154 1110 2186 quo
1126 2144 1286 2186 principes
1302 2141 1490 2175 Maccabaei
1505 2149 1652 2175 monetae
1665 2142 1830 2175 cudendae
1843 2143 1971 2175 veniam

350 2199 561 2241 impetrarunt
583 2199 620 2240 (1
641 2198 744 2230 Mace.
760 2202 812 2239 13,
827 2199 906 2243 41),
943 2201 1013 2232 cusi
1034 2206 1128 2239 sunt,
1157 2199 1302 2242 plerique
1324 2210 1344 2231 a
1357 2200 1536 2238 ¹Simeone,
1566 2197 1714 2231 nonnulli
1735 2209 1755 2230 a
1777 2197 1970 2238 Jonathane,

349 2255 444 2297 pauci
461 2255 549 2298 iique
566 2253 727 2297 bilingues
744 2255 880 2298 (graece
896 2263 928 2288 et
944 2255 1095 2288 hebraice
1111 2257 1277 2299 inscripti)
1299 2255 1340 2288 ab
1359 2255 1550 2288 Alexandro
1569 2254 1715 2288 Jannaeo
1736 2261 1768 2287 et
1787 2253 1971 2298 Antigonoz

350 2310 505 2342 delineati
526 2317 559 2342 et
579 2310 731 2353 explicati
758 2322 855 2354 quum
884 2312 926 2345 ab
956 2312 1029 2345 aliis
1058 2312 1187 2352 multis,
1223 2323 1303 2356 quos
1332 2319 1478 2345 recenset
1506 2311 1684 2345 Eckhelius
1700 2310 1765 2351 111,
1787 2314 1870 2351 4⁵6,
1903 2318 1971 2344 tum

406 2431 436 2464 ')
453 2431 601 2457 Geso-hichie
618 2432 664 2456 der
681 2431 750 2458 hebr.
770 2432 883 2464 sprache
900 2430 928 2465 §0
946 2431 980 2457 41
999 2441 1058 2466 sqq.
1087 2433 1125 2459 cf.
1194 2441 1253 2458 rum
1269 2437 1389 2466 potestas
1407 2440 1443 2458 ex
1460 2431 1601 2465 οοάἰωζδιιι
1618 2435 1683 2457 nota
1701 2434 1773 2463 erat,
1797 2431 1830 2457 ad
1849 2432 1969 2459 valorem

353 2480 431 2514 Kopp
449 2481 484 2505 B.
502 2480 554 2505 und
572 2480 646 2506 Schr.
664 2480 702 2513 1¹,
721 2488 748 2514 p.
760 2481 821 2506 220.
1194 2480 1342 2514 priscarum
1356 2481 1531 2507 hebraearum
1545 2478 1575 2505 in
1587 2478 1674 2505 numis
1686 2478 1828 2505 obviatum
1841 2479 1970 2506 delinien-

402 2527 447 2562 *’)
471 2528 571 2554 Eadem
589 2528 657 2554 haec
674 2535 735 2554 cum
756 2526 852 2554 litten's
869 2527 1035 2554 samaritanis
1053 2527 1129 2553 simi-
1195 2530 1257 2554 dnm
1290 2528 1423 2555 adhibitae
1452 2532 1531 2555 sunt:
1549 2530 1713 2563 ,harumque
1745 2535 1798 2562 ope
1821 2528 1970 2555 litterarum

353 2575 438 2602 litudo
466 2575 534 2604 viris
564 2576 651 2602 doctis
677 2575 750 2603 viam
778 2577 813 2602 ad
843 2575 946 2603 litteras
971 2575 1129 2610 phoenicia·
1195 2576 1398 2611 phoeniciamm
1417 2581 1535 2611 potestas
1553 2577 1686 2604 extricata
1704 2576 1747 2611 (ς.
1763 2578 1789 2603 2.
1805 2576 1849 2610 3).

354 2625 480 2659 legendas
498 2624 602 2652 stravit.
636 2625 819 2652 Samaritanae
837 2624 908 2651 enim
926 2624 1042 2659 litterae,
1063 2632 1129 2658 qna-

1051 2703 1074 2749 ,ἴ
