<?xml version="1.0" encoding="UTF-8"?>
<!DOCTYPE html PUBLIC "-//W3C//DTD XHTML 1.0 Transitional//EN"
    "http://www.w3.org/TR/xhtml1/DTD/xhtml1-transitional.dtd">
<html xmlns="http://www.w3.org/1999/xhtml" xml:lang="en" lang="en">
 <head>
  <title>
</title>
<meta http-equiv="Content-Type" content="text/html;charset=utf-8" />
  <meta name='ocr-system' content='tesseract 3.04.00' />
  <meta name='ocr-capabilities' content='ocr_page ocr_carea ocr_par ocr_line ocrx_word'/>
</head>
<body>
  <div class='ocr_page' id='page_1' title='image "./scripturaelingua00geseuoft_0497.png"; bbox 0 0 2242 2976; ppageno 0'>
   <div class='ocr_carea' id='block_1_1' title="bbox 788 225 1854 272">
    <p class='ocr_par' dir='ltr' id='par_1_1' title="bbox 788 225 1854 272">
     <span class='ocr_line' id='line_1_1' title="bbox 788 225 1854 272; baseline 0.001 -13"><span class='ocrx_word' id='word_1_1' title='bbox 788 226 1008 262; x_wconf 82' lang='lat' dir='ltr'><strong>ADDENDA</strong></span> <span class='ocrx_word' id='word_1_2' title='bbox 1031 225 1298 262; x_wconf 83' lang='lat' dir='ltr'>CONTINENS.</span> <span class='ocrx_word' id='word_1_3' title='bbox 1779 233 1854 272; x_wconf 76' lang='lat'>451</span> 
     </span>
    </p>
   </div>
   <div class='ocr_carea' id='block_1_2' title="bbox 229 319 1856 477">
    <p class='ocr_par' dir='ltr' id='par_1_2' title="bbox 229 319 1856 477">
     <span class='ocr_line' id='line_1_2' title="bbox 229 319 1856 369; baseline 0.002 -15"><span class='ocrx_word' id='word_1_4' title='bbox 229 322 412 366; x_wconf 84' lang='lat' dir='ltr'>permagnis</span> <span class='ocrx_word' id='word_1_5' title='bbox 445 322 478 353; x_wconf 91' lang='lat' dir='ltr'>in</span> <span class='ocrx_word' id='word_1_6' title='bbox 509 331 586 363; x_wconf 87' lang='lat' dir='ltr'>rupe</span> <span class='ocrx_word' id='word_1_7' title='bbox 618 319 831 369; x_wconf 50' lang='lat' dir='ltr'>insculptam,</span> <span class='ocrx_word' id='word_1_8' title='bbox 865 331 960 364; x_wconf 90' lang='lat' dir='ltr'>quam</span> <span class='ocrx_word' id='word_1_9' title='bbox 983 320 1112 353; x_wconf 87' lang='lat' dir='ltr'>tabulae</span> <span class='ocrx_word' id='word_1_10' title='bbox 1134 329 1263 354; x_wconf 85' lang='lat' dir='ltr'>nostrae</span> <span class='ocrx_word' id='word_1_11' title='bbox 1284 326 1326 356; x_wconf 85' lang='grc'>48</span> <span class='ocrx_word' id='word_1_12' title='bbox 1351 324 1425 365; x_wconf 85' lang='lat' dir='ltr'>(no.</span> <span class='ocrx_word' id='word_1_13' title='bbox 1449 323 1640 367; x_wconf 88' lang='lat' dir='ltr'><strong>LXXXV)</strong></span> <span class='ocrx_word' id='word_1_14' title='bbox 1663 325 1785 366; x_wconf 87' lang='lat' dir='ltr'>adieci,</span> <span class='ocrx_word' id='word_1_15' title='bbox 1816 338 1856 359; x_wconf 90' lang='lat' dir='ltr'>ne</span> 
     </span>
     <span class='ocr_line' id='line_1_3' title="bbox 229 378 1855 425; baseline 0.002 -14"><span class='ocrx_word' id='word_1_16' title='bbox 229 389 314 411; x_wconf 86' lang='lat' dir='ltr'>novo</span> <span class='ocrx_word' id='word_1_17' title='bbox 344 378 406 410; x_wconf 83' lang='lat' dir='ltr'>hoe</span> <span class='ocrx_word' id='word_1_18' title='bbox 434 378 619 409; x_wconf 77' lang='lat' dir='ltr'>rarissimae</span> <span class='ocrx_word' id='word_1_19' title='bbox 648 378 824 420; x_wconf 86' lang='lat' dir='ltr'>scripturae</span> <span class='ocrx_word' id='word_1_20' title='bbox 853 379 1029 420; x_wconf 77' lang='lat' dir='ltr'><strong>specimine</strong></span> <span class='ocrx_word' id='word_1_21' title='bbox 1059 386 1204 410; x_wconf 84' lang='lat' dir='ltr'>carerent</span> <span class='ocrx_word' id='word_1_22' title='bbox 1231 378 1388 418; x_wconf 86' lang='lat' dir='ltr'>lectores,</span> <span class='ocrx_word' id='word_1_23' title='bbox 1423 391 1602 424; x_wconf 78' lang='lat' dir='ltr'><strong>quanquam</strong></span> <span class='ocrx_word' id='word_1_24' title='bbox 1626 382 1666 413; x_wconf 91' lang='lat' dir='ltr'>de</span> <span class='ocrx_word' id='word_1_25' title='bbox 1692 393 1731 413; x_wconf 89' lang='lat' dir='ltr'>eo</span> <span class='ocrx_word' id='word_1_26' title='bbox 1753 382 1855 425; x_wconf 79' lang='lat' dir='ltr'>expli·</span> 
     </span>
     <span class='ocr_line' id='line_1_4' title="bbox 229 434 623 477; baseline -0.005 -10"><span class='ocrx_word' id='word_1_27' title='bbox 229 435 330 467; x_wconf 80' lang='lat' dir='ltr'>cando</span> <span class='ocrx_word' id='word_1_28' title='bbox 353 434 457 467; x_wconf 80' lang='lat' dir='ltr'>adhue</span> <span class='ocrx_word' id='word_1_29' title='bbox 479 435 623 477; x_wconf 88' lang='lat' dir='ltr'>despero.</span> 
     </span>
    </p>
   </div>
   <div class='ocr_carea' id='block_1_3' title="bbox 436 631 1644 768">
    <p class='ocr_par' dir='ltr' id='par_1_3' title="bbox 436 631 1644 768">
     <span class='ocr_line' id='line_1_5' title="bbox 654 631 1474 690; baseline -0.001 -6"><span class='ocrx_word' id='word_1_30' title='bbox 654 651 1064 684; x_wconf 78' lang='lat' dir='ltr'><strong><em>APPENDIX</em></strong></span> <span class='ocrx_word' id='word_1_31' title='bbox 1113 650 1140 690; x_wconf 76' lang='lat' dir='ltr'><strong><em>Q</em></strong></span> <span class='ocrx_word' id='word_1_32' title='bbox 1170 631 1474 685; x_wconf 47' lang='lat' dir='ltr'>naama*</span> 
     </span>
     <span class='ocr_line' id='line_1_6' title="bbox 436 727 1644 768; baseline 0.001 -2"><span class='ocrx_word' id='word_1_33' title='bbox 436 727 604 766; x_wconf 85' lang='lat' dir='ltr'>VARII</span> <span class='ocrx_word' id='word_1_34' title='bbox 646 729 907 767; x_wconf 87' lang='lat' dir='ltr'><strong>GENERIS</strong></span> <span class='ocrx_word' id='word_1_35' title='bbox 948 729 1248 767; x_wconf 86' lang='lat' dir='ltr'><strong>ADDENDA</strong></span> <span class='ocrx_word' id='word_1_36' title='bbox 1291 728 1644 768; x_wconf 85' lang='lat' dir='ltr'>CONTINENS.</span> 
     </span>
    </p>
   </div>
   <div class='ocr_carea' id='block_1_4' title="bbox 226 828 1871 1495">
    <p class='ocr_par' dir='ltr' id='par_1_4' title="bbox 232 828 1871 984">
     <span class='ocr_line' id='line_1_7' title="bbox 362 828 1871 873; baseline 0 -12"><span class='ocrx_word' id='word_1_37' title='bbox 362 828 414 861; x_wconf 84' lang='lat' dir='ltr'>Ad</span> <span class='ocrx_word' id='word_1_38' title='bbox 437 840 509 873; x_wconf 86' lang='lat' dir='ltr'>pag.</span> <span class='ocrx_word' id='word_1_39' title='bbox 525 831 552 862; x_wconf 89' lang='grc'>,7</span> <span class='ocrx_word' id='word_1_40' title='bbox 585 830 749 862; x_wconf 84' lang='lat' dir='ltr'>addendus</span> <span class='ocrx_word' id='word_1_41' title='bbox 778 829 862 861; x_wconf 87' lang='lat' dir='ltr'>liber</span> <span class='ocrx_word' id='word_1_42' title='bbox 891 841 1088 871; x_wconf 83' lang='lat' dir='ltr'>anonymus,</span> <span class='ocrx_word' id='word_1_43' title='bbox 1122 831 1213 862; x_wconf 86' lang='lat' dir='ltr'>cuins</span> <span class='ocrx_word' id='word_1_44' title='bbox 1242 828 1368 862; x_wconf 86' lang='lat' dir='ltr'>titulum</span> <span class='ocrx_word' id='word_1_45' title='bbox 1390 841 1492 873; x_wconf 81' lang='lat' dir='ltr'>nuper</span> <span class='ocrx_word' id='word_1_46' title='bbox 1513 830 1547 861; x_wconf 88' lang='lat' dir='ltr'>in</span> <span class='ocrx_word' id='word_1_47' title='bbox 1569 829 1773 872; x_wconf 88' lang='lat' dir='ltr'>Ephemerid.</span> <span class='ocrx_word' id='word_1_48' title='bbox 1796 829 1871 862; x_wconf 59' lang='lat' dir='ltr'>litt:</span> 
     </span>
     <span class='ocr_line' id='line_1_8' title="bbox 233 886 1858 930; baseline 0.001 -14"><span class='ocrx_word' id='word_1_49' title='bbox 233 886 359 927; x_wconf 87' lang='lat' dir='ltr'>reperi,</span> <span class='ocrx_word' id='word_1_50' title='bbox 388 896 567 929; x_wconf 89' lang='lat' dir='ltr'>quanquam</span> <span class='ocrx_word' id='word_1_51' title='bbox 590 887 695 929; x_wconf 87' lang='lat' dir='ltr'>ipsum</span> <span class='ocrx_word' id='word_1_52' title='bbox 719 887 828 918; x_wconf 85' lang='lat' dir='ltr'>videre</span> <span class='ocrx_word' id='word_1_53' title='bbox 851 897 915 918; x_wconf 89' lang='lat' dir='ltr'>non</span> <span class='ocrx_word' id='word_1_54' title='bbox 938 887 1092 930; x_wconf 79' lang='lat' dir='ltr'>contigit:</span> <span class='ocrx_word' id='word_1_55' title='bbox 1126 886 1272 918; x_wconf 79' lang='lat' dir='ltr'>Lettura</span> <span class='ocrx_word' id='word_1_56' title='bbox 1295 897 1314 918; x_wconf 88' lang='lat' dir='ltr'>e</span> <span class='ocrx_word' id='word_1_57' title='bbox 1336 889 1550 929; x_wconf 73' lang='lat' dir='ltr'>spiegazione</span> <span class='ocrx_word' id='word_1_58' title='bbox 1572 886 1664 929; x_wconf 80' lang='lat' dir='ltr'><em>degli</em></span> <span class='ocrx_word' id='word_1_59' title='bbox 1683 889 1858 919; x_wconf 72' lang='lat' dir='ltr'>iscrizioni</span> 
     </span>
     <span class='ocr_line' id='line_1_9' title="bbox 232 941 921 984; baseline 0.001 -11"><span class='ocrx_word' id='word_1_60' title='bbox 232 942 357 973; x_wconf 71' lang='lat' dir='ltr'>Ptmt&#39;ct’</span> <span class='ocrx_word' id='word_1_61' title='bbox 376 945 558 984; x_wconf 64' lang='lat' dir='ltr'>superstit-2</span> <span class='ocrx_word' id='word_1_62' title='bbox 596 941 748 981; x_wconf 88' lang='lat' dir='ltr'>Genova,</span> <span class='ocrx_word' id='word_1_63' title='bbox 773 945 866 975; x_wconf 87' lang='grc'>1835.</span> <span class='ocrx_word' id='word_1_64' title='bbox 890 946 921 974; x_wconf 87' lang='grc'>8.</span> 
     </span>
    </p>

    <p class='ocr_par' dir='ltr' id='par_1_5' title="bbox 227 997 1853 1209">
     <span class='ocr_line' id='line_1_10' title="bbox 354 997 1852 1041; baseline 0.001 -12"><span class='ocrx_word' id='word_1_65' title='bbox 354 997 431 1040; x_wconf 73' lang='lat' dir='ltr'>rag.</span> <span class='ocrx_word' id='word_1_66' title='bbox 448 1001 489 1029; x_wconf 89' lang='lat'>12</span> <span class='ocrx_word' id='word_1_67' title='bbox 512 998 594 1029; x_wconf 90' lang='lat' dir='ltr'>adde</span> <span class='ocrx_word' id='word_1_68' title='bbox 615 1005 685 1040; x_wconf 88' lang='lat' dir='ltr'>post</span> <span class='ocrx_word' id='word_1_69' title='bbox 707 999 735 1036; x_wconf 71' lang='lat'>§-</span> <span class='ocrx_word' id='word_1_70' title='bbox 748 1000 780 1036; x_wconf 89' lang='lat'>6,</span> <span class='ocrx_word' id='word_1_71' title='bbox 798 1000 836 1030; x_wconf 77' lang='lat'>5:</span> <span class='ocrx_word' id='word_1_72' title='bbox 859 998 910 1029; x_wconf 87' lang='lat' dir='ltr'>Ex</span> <span class='ocrx_word' id='word_1_73' title='bbox 929 997 1090 1029; x_wconf 72' lang='lat' dir='ltr'>Sardinia</span> <span class='ocrx_word' id='word_1_74' title='bbox 1103 999 1197 1030; x_wconf 86' lang='lat' dir='ltr'>unica</span> <span class='ocrx_word' id='word_1_75' title='bbox 1218 999 1386 1041; x_wconf 83' lang='lat' dir='ltr'>inscriptio</span> <span class='ocrx_word' id='word_1_76' title='bbox 1401 1006 1548 1041; x_wconf 76' lang='lat' dir='ltr'><strong>superest</strong></span> <span class='ocrx_word' id='word_1_77' title='bbox 1569 997 1645 1039; x_wconf 89' lang='lat' dir='ltr'>(lib.</span> <span class='ocrx_word' id='word_1_78' title='bbox 1660 1002 1680 1030; x_wconf 86' lang='lat'><strong>2</strong></span> <span class='ocrx_word' id='word_1_79' title='bbox 1700 1009 1753 1031; x_wconf 86' lang='lat' dir='ltr'>no.</span> <span class='ocrx_word' id='word_1_80' title='bbox 1772 999 1852 1040; x_wconf 82' lang='lat' dir='ltr'>4t):</span> 
     </span>
     <span class='ocr_line' id='line_1_11' title="bbox 227 1052 1853 1097; baseline 0.002 -13"><span class='ocrx_word' id='word_1_81' title='bbox 227 1063 270 1085; x_wconf 87' lang='lat' dir='ltr'>ex</span> <span class='ocrx_word' id='word_1_82' title='bbox 293 1053 464 1096; x_wconf 66' lang='lat' dir='ltr'>Hispania</span> <span class='ocrx_word' id='word_1_83' title='bbox 486 1061 597 1085; x_wconf 81' lang='lat' dir='ltr'>contra</span> <span class='ocrx_word' id='word_1_84' title='bbox 620 1054 759 1096; x_wconf 88' lang='lat' dir='ltr'>quinque</span> <span class='ocrx_word' id='word_1_85' title='bbox 781 1053 909 1085; x_wconf 89' lang='lat' dir='ltr'>urbium</span> <span class='ocrx_word' id='word_1_86' title='bbox 925 1052 1170 1085; x_wconf 80' lang='lat' dir='ltr'>Phoeniciarum</span> <span class='ocrx_word' id='word_1_87' title='bbox 1188 1056 1276 1086; x_wconf 86' lang='lat' dir='ltr'>numi</span> <span class='ocrx_word' id='word_1_88' title='bbox 1292 1054 1412 1086; x_wconf 84' lang='lat' dir='ltr'>Punice</span> <span class='ocrx_word' id='word_1_89' title='bbox 1429 1055 1574 1097; x_wconf 84' lang='lat' dir='ltr'>inseripti</span> <span class='ocrx_word' id='word_1_90' title='bbox 1590 1061 1719 1086; x_wconf 84' lang='lat' dir='ltr'>exstant</span> <span class='ocrx_word' id='word_1_91' title='bbox 1741 1054 1818 1095; x_wconf 86' lang='lat' dir='ltr'>(lib.</span> <span class='ocrx_word' id='word_1_92' title='bbox 1832 1057 1853 1087; x_wconf 89' lang='grc'>3</span> 
     </span>
     <span class='ocr_line' id='line_1_12' title="bbox 228 1108 1852 1152; baseline 0.001 -11"><span class='ocrx_word' id='word_1_93' title='bbox 228 1120 280 1141; x_wconf 89' lang='lat' dir='ltr'>no.</span> <span class='ocrx_word' id='word_1_94' title='bbox 298 1111 477 1150; x_wconf 85' lang='lat'>15—19),</span> <span class='ocrx_word' id='word_1_95' title='bbox 506 1110 568 1141; x_wconf 86' lang='lat' dir='ltr'>etsi</span> <span class='ocrx_word' id='word_1_96' title='bbox 589 1119 692 1151; x_wconf 91' lang='lat' dir='ltr'>neque</span> <span class='ocrx_word' id='word_1_97' title='bbox 714 1109 884 1141; x_wconf 83' lang='lat' dir='ltr'>admodum</span> <span class='ocrx_word' id='word_1_98' title='bbox 905 1115 1029 1140; x_wconf 86' lang='lat' dir='ltr'>veteres</span> <span class='ocrx_word' id='word_1_99' title='bbox 1051 1119 1158 1151; x_wconf 89' lang='lat' dir='ltr'>neque</span> <span class='ocrx_word' id='word_1_100' title='bbox 1175 1108 1358 1151; x_wconf 74' lang='lat' dir='ltr'>elegantes,</span> <span class='ocrx_word' id='word_1_101' title='bbox 1393 1112 1427 1141; x_wconf 86' lang='lat' dir='ltr'>in</span> <span class='ocrx_word' id='word_1_102' title='bbox 1449 1110 1564 1152; x_wconf 88' lang='lat' dir='ltr'>quibus</span> <span class='ocrx_word' id='word_1_103' title='bbox 1586 1109 1733 1142; x_wconf 89' lang='lat' dir='ltr'>nonnulli</span> <span class='ocrx_word' id='word_1_104' title='bbox 1758 1108 1852 1143; x_wconf 78' lang='lat' dir='ltr'>bilin-</span> 
     </span>
     <span class='ocr_line' id='line_1_13' title="bbox 227 1163 1603 1209; baseline 0.001 -12"><span class='ocrx_word' id='word_1_105' title='bbox 227 1177 307 1209; x_wconf 87' lang='lat' dir='ltr'>gues</span> <span class='ocrx_word' id='word_1_106' title='bbox 328 1164 468 1208; x_wconf 82' lang='lat' dir='ltr'>Augusti</span> <span class='ocrx_word' id='word_1_107' title='bbox 490 1172 522 1196; x_wconf 86' lang='lat' dir='ltr'>et</span> <span class='ocrx_word' id='word_1_108' title='bbox 543 1164 669 1196; x_wconf 86' lang='lat' dir='ltr'>Tiberii</span> <span class='ocrx_word' id='word_1_109' title='bbox 693 1166 823 1197; x_wconf 92' lang='lat' dir='ltr'>nomina</span> <span class='ocrx_word' id='word_1_110' title='bbox 843 1175 919 1207; x_wconf 85' lang='lat' dir='ltr'>prae</span> <span class='ocrx_word' id='word_1_111' title='bbox 942 1175 977 1196; x_wconf 92' lang='lat' dir='ltr'>se</span> <span class='ocrx_word' id='word_1_112' title='bbox 999 1164 1117 1198; x_wconf 86' lang='lat' dir='ltr'>ferunt.</span> <span class='ocrx_word' id='word_1_113' title='bbox 1161 1163 1312 1197; x_wconf 88' lang='lat' dir='ltr'>Ceterum</span> <span class='ocrx_word' id='word_1_114' title='bbox 1334 1166 1407 1197; x_wconf 84' lang='lat' dir='ltr'>vide</span> <span class='ocrx_word' id='word_1_115' title='bbox 1429 1177 1504 1209; x_wconf 84' lang='lat' dir='ltr'>pag.</span> <span class='ocrx_word' id='word_1_116' title='bbox 1528 1169 1603 1199; x_wconf 90' lang='grc'>340.</span> 
     </span>
    </p>

    <p class='ocr_par' dir='ltr' id='par_1_6' title="bbox 229 1220 1851 1320">
     <span class='ocr_line' id='line_1_14' title="bbox 356 1220 1851 1265; baseline 0.001 -12"><span class='ocrx_word' id='word_1_117' title='bbox 356 1221 434 1264; x_wconf 82' lang='lat' dir='ltr'>Pag.</span> <span class='ocrx_word' id='word_1_118' title='bbox 448 1224 500 1253; x_wconf 92' lang='grc'>23.</span> <span class='ocrx_word' id='word_1_119' title='bbox 522 1221 562 1253; x_wconf 89' lang='lat' dir='ltr'>ad</span> <span class='ocrx_word' id='word_1_120' title='bbox 582 1220 709 1254; x_wconf 76' lang='lat' dir='ltr'>Daleth</span> <span class='ocrx_word' id='word_1_121' title='bbox 724 1220 849 1253; x_wconf 78' lang='lat' dir='ltr'>litterae</span> <span class='ocrx_word' id='word_1_122' title='bbox 871 1220 993 1264; x_wconf 85' lang='lat' dir='ltr'>figuras</span> <span class='ocrx_word' id='word_1_123' title='bbox 1011 1221 1092 1252; x_wconf 90' lang='lat' dir='ltr'>adde</span> <span class='ocrx_word' id='word_1_124' title='bbox 1111 1222 1368 1263; x_wconf 85' lang='lat' dir='ltr'>antiquissimam</span> <span class='ocrx_word' id='word_1_125' title='bbox 1383 1220 1489 1261; x_wconf 86' lang='lat' dir='ltr'>illam,</span> <span class='ocrx_word' id='word_1_126' title='bbox 1509 1233 1590 1265; x_wconf 90' lang='lat' dir='ltr'>quae</span> <span class='ocrx_word' id='word_1_127' title='bbox 1605 1223 1706 1255; x_wconf 78' lang='lat' dir='ltr'>canda</span> <span class='ocrx_word' id='word_1_128' title='bbox 1721 1233 1851 1265; x_wconf 87' lang='lat' dir='ltr'>prorsus</span> 
     </span>
     <span class='ocr_line' id='line_1_15' title="bbox 229 1276 1181 1320; baseline -0.001 -9"><span class='ocrx_word' id='word_1_129' title='bbox 229 1285 316 1311; x_wconf 80' lang='lat' dir='ltr'>caret</span> <span class='ocrx_word' id='word_1_130' title='bbox 336 1279 369 1309; x_wconf 93' lang='lat' dir='ltr'>in</span> <span class='ocrx_word' id='word_1_131' title='bbox 393 1276 547 1320; x_wconf 83' lang='lat' dir='ltr'>Carthag.</span> <span class='ocrx_word' id='word_1_132' title='bbox 570 1276 632 1316; x_wconf 76' lang='lat' dir='ltr'>XI,</span> <span class='ocrx_word' id='word_1_133' title='bbox 657 1281 687 1309; x_wconf 92' lang='lat'>1.</span> <span class='ocrx_word' id='word_1_134' title='bbox 709 1281 741 1309; x_wconf 87' lang='lat'>2.</span> <span class='ocrx_word' id='word_1_135' title='bbox 769 1277 848 1317; x_wconf 87' lang='lat' dir='ltr'>XII,</span> <span class='ocrx_word' id='word_1_136' title='bbox 873 1281 909 1316; x_wconf 89' lang='lat'>1,</span> <span class='ocrx_word' id='word_1_137' title='bbox 941 1287 971 1309; x_wconf 90' lang='lat' dir='ltr'>v.</span> <span class='ocrx_word' id='word_1_138' title='bbox 992 1277 1126 1319; x_wconf 84' lang='lat' dir='ltr'>append.</span> <span class='ocrx_word' id='word_1_139' title='bbox 1150 1280 1181 1310; x_wconf 83' lang='lat'>2.</span> 
     </span>
    </p>

    <p class='ocr_par' dir='ltr' id='par_1_7' title="bbox 226 1332 1850 1433">
     <span class='ocr_line' id='line_1_16' title="bbox 353 1332 1850 1377; baseline 0.001 -11"><span class='ocrx_word' id='word_1_140' title='bbox 353 1335 432 1377; x_wconf 75' lang='lat' dir='ltr'>rag.</span> <span class='ocrx_word' id='word_1_141' title='bbox 453 1337 492 1366; x_wconf 88' lang='lat'>25</span> <span class='ocrx_word' id='word_1_142' title='bbox 514 1335 542 1373; x_wconf 68' lang='grc' dir='ltr'>ς.</span> <span class='ocrx_word' id='word_1_143' title='bbox 567 1336 629 1373; x_wconf 88' lang='grc'>16,</span> <span class='ocrx_word' id='word_1_144' title='bbox 658 1340 731 1376; x_wconf 89' lang='lat' dir='ltr'>post</span> <span class='ocrx_word' id='word_1_145' title='bbox 750 1333 806 1377; x_wconf 88' lang='lat' dir='ltr'>fig.</span> <span class='ocrx_word' id='word_1_146' title='bbox 826 1336 844 1366; x_wconf 87' lang='lat'>5</span> <span class='ocrx_word' id='word_1_147' title='bbox 868 1333 1016 1366; x_wconf 87' lang='lat' dir='ltr'>addenda</span> <span class='ocrx_word' id='word_1_148' title='bbox 1036 1340 1084 1365; x_wconf 89' lang='lat' dir='ltr'>est</span> <span class='ocrx_word' id='word_1_149' title='bbox 1098 1332 1204 1376; x_wconf 86' lang='lat' dir='ltr'>figura</span> <span class='ocrx_word' id='word_1_150' title='bbox 1219 1332 1271 1364; x_wconf 91' lang='lat' dir='ltr'>He</span> <span class='ocrx_word' id='word_1_151' title='bbox 1283 1332 1409 1365; x_wconf 86' lang='lat' dir='ltr'>litterae</span> <span class='ocrx_word' id='word_1_152' title='bbox 1426 1334 1459 1364; x_wconf 92' lang='lat' dir='ltr'>in</span> <span class='ocrx_word' id='word_1_153' title='bbox 1475 1334 1572 1366; x_wconf 85' lang='lat' dir='ltr'>inser.</span> <span class='ocrx_word' id='word_1_154' title='bbox 1590 1335 1631 1365; x_wconf 88' lang='grc'>67</span> <span class='ocrx_word' id='word_1_155' title='bbox 1653 1334 1706 1375; x_wconf 90' lang='lat' dir='ltr'>(in</span> <span class='ocrx_word' id='word_1_156' title='bbox 1722 1341 1817 1368; x_wconf 63' lang='lat' dir='ltr'>nnn&amp;</span> <span class='ocrx_word' id='word_1_157' title='bbox 1826 1334 1850 1377; x_wconf 88' lang='lat'>),</span> 
     </span>
     <span class='ocr_line' id='line_1_17' title="bbox 226 1388 1469 1433; baseline -0.003 -9"><span class='ocrx_word' id='word_1_158' title='bbox 226 1391 417 1424; x_wconf 88' lang='lat' dir='ltr'>illustranda</span> <span class='ocrx_word' id='word_1_159' title='bbox 440 1389 499 1422; x_wconf 87' lang='lat' dir='ltr'>illa</span> <span class='ocrx_word' id='word_1_160' title='bbox 521 1401 562 1422; x_wconf 86' lang='lat' dir='ltr'>ex</span> <span class='ocrx_word' id='word_1_161' title='bbox 585 1401 624 1421; x_wconf 91' lang='lat' dir='ltr'>ea</span> <span class='ocrx_word' id='word_1_162' title='bbox 645 1389 770 1433; x_wconf 86' lang='lat' dir='ltr'>figura,</span> <span class='ocrx_word' id='word_1_163' title='bbox 807 1400 889 1433; x_wconf 91' lang='lat' dir='ltr'>quae</span> <span class='ocrx_word' id='word_1_164' title='bbox 913 1391 947 1421; x_wconf 93' lang='lat' dir='ltr'>in</span> <span class='ocrx_word' id='word_1_165' title='bbox 970 1396 1099 1421; x_wconf 86' lang='lat' dir='ltr'>moneta</span> <span class='ocrx_word' id='word_1_166' title='bbox 1121 1388 1274 1421; x_wconf 90' lang='lat' dir='ltr'>Hebraea</span> <span class='ocrx_word' id='word_1_167' title='bbox 1296 1396 1469 1431; x_wconf 85' lang='lat' dir='ltr'>comparet.</span> 
     </span>
    </p>

    <p class='ocr_par' dir='ltr' id='par_1_8' title="bbox 355 1444 1848 1495">
     <span class='ocr_line' id='line_1_18' title="bbox 355 1444 1848 1495; baseline -0.001 -16"><span class='ocrx_word' id='word_1_168' title='bbox 355 1447 431 1490; x_wconf 79' lang='lat' dir='ltr'>Pag.</span> <span class='ocrx_word' id='word_1_169' title='bbox 455 1450 497 1480; x_wconf 89' lang='grc'>28</span> <span class='ocrx_word' id='word_1_170' title='bbox 518 1448 547 1486; x_wconf 66' lang='lat'>5.</span> <span class='ocrx_word' id='word_1_171' title='bbox 573 1449 623 1479; x_wconf 91' lang='lat'>19.</span> <span class='ocrx_word' id='word_1_172' title='bbox 671 1446 759 1495; x_wconf 61' lang='lat' dir='ltr'>clue(</span> <span class='ocrx_word' id='word_1_173' title='bbox 773 1445 901 1478; x_wconf 78' lang='lat' dir='ltr'>litterae</span> <span class='ocrx_word' id='word_1_174' title='bbox 923 1444 1037 1489; x_wconf 68' lang='lat' dir='ltr'>figuris</span> <span class='ocrx_word' id='word_1_175' title='bbox 1052 1445 1218 1478; x_wconf 86' lang='lat' dir='ltr'>addendae</span> <span class='ocrx_word' id='word_1_176' title='bbox 1232 1450 1307 1477; x_wconf 87' lang='lat' dir='ltr'>sunt</span> <span class='ocrx_word' id='word_1_177' title='bbox 1329 1446 1362 1486; x_wconf 88' lang='lat'>1)</span> <span class='ocrx_word' id='word_1_178' title='bbox 1385 1456 1465 1488; x_wconf 88' lang='lat' dir='ltr'>quae</span> <span class='ocrx_word' id='word_1_179' title='bbox 1484 1446 1577 1477; x_wconf 87' lang='lat' dir='ltr'>estin</span> <span class='ocrx_word' id='word_1_180' title='bbox 1592 1456 1720 1489; x_wconf 86' lang='lat' dir='ltr'>gemma</span> <span class='ocrx_word' id='word_1_181' title='bbox 1734 1457 1787 1478; x_wconf 87' lang='lat' dir='ltr'>no.</span> <span class='ocrx_word' id='word_1_182' title='bbox 1806 1448 1848 1479; x_wconf 89' lang='grc'>67</span> 
     </span>
    </p>
   </div>
   <div class='ocr_carea' id='block_1_5' title="bbox 162 1495 1740 1551">
    <p class='ocr_par' dir='ltr' id='par_1_9' title="bbox 162 1495 1740 1551">
     <span class='ocr_line' id='line_1_19' title="bbox 162 1495 1740 1551; baseline -0.003 -14"><span class='ocrx_word' id='word_1_183' title='bbox 162 1507 163 1510; x_wconf 77' lang='grc'>’</span> <span class='ocrx_word' id='word_1_184' title='bbox 226 1504 286 1539; x_wconf 82' lang='lat' dir='ltr'>lin.</span> <span class='ocrx_word' id='word_1_185' title='bbox 311 1508 348 1543; x_wconf 89' lang='grc'>2,</span> <span class='ocrx_word' id='word_1_186' title='bbox 379 1510 412 1535; x_wconf 89' lang='lat' dir='ltr'>et</span> <span class='ocrx_word' id='word_1_187' title='bbox 433 1502 467 1546; x_wconf 88' lang='grc'>2)</span> <span class='ocrx_word' id='word_1_188' title='bbox 488 1505 521 1535; x_wconf 90' lang='lat' dir='ltr'>in</span> <span class='ocrx_word' id='word_1_189' title='bbox 544 1514 597 1535; x_wconf 87' lang='lat' dir='ltr'>no.</span> <span class='ocrx_word' id='word_1_190' title='bbox 620 1505 662 1551; x_wconf 88' lang='grc'>67</span> <span class='ocrx_word' id='word_1_191' title='bbox 684 1510 732 1534; x_wconf 89' lang='lat' dir='ltr'>ter</span> <span class='ocrx_word' id='word_1_192' title='bbox 760 1495 818 1545; x_wconf 85' lang='lat' dir='ltr'>(in</span> <span class='ocrx_word' id='word_1_193' title='bbox 839 1503 947 1544; x_wconf 64' lang='lat' dir='ltr'>nnn),</span> <span class='ocrx_word' id='word_1_194' title='bbox 979 1500 1159 1545; x_wconf 82' lang='lat' dir='ltr'>quanquam</span> <span class='ocrx_word' id='word_1_195' title='bbox 1180 1501 1260 1533; x_wconf 84' lang='lat' dir='ltr'>haec</span> <span class='ocrx_word' id='word_1_196' title='bbox 1282 1511 1380 1544; x_wconf 85' lang='lat' dir='ltr'>prope</span> <span class='ocrx_word' id='word_1_197' title='bbox 1405 1502 1527 1534; x_wconf 85' lang='lat' dir='ltr'>accedit</span> <span class='ocrx_word' id='word_1_198' title='bbox 1549 1502 1590 1533; x_wconf 88' lang='lat' dir='ltr'>ad</span> <span class='ocrx_word' id='word_1_199' title='bbox 1611 1501 1667 1544; x_wconf 85' lang='lat' dir='ltr'>fig.</span> <span class='ocrx_word' id='word_1_200' title='bbox 1690 1505 1740 1533; x_wconf 86' lang='lat'>11.</span> 
     </span>
    </p>
   </div>
   <div class='ocr_carea' id='block_1_6' title="bbox 222 1560 1849 2622">
    <p class='ocr_par' dir='ltr' id='par_1_10' title="bbox 227 1560 1849 1664">
     <span class='ocr_line' id='line_1_20' title="bbox 350 1560 1849 1605; baseline -0.001 -11"><span class='ocrx_word' id='word_1_201' title='bbox 350 1563 428 1605; x_wconf 86' lang='lat' dir='ltr'>Pag.</span> <span class='ocrx_word' id='word_1_202' title='bbox 457 1565 496 1595; x_wconf 83' lang='lat'>31</span> <span class='ocrx_word' id='word_1_203' title='bbox 531 1573 584 1594; x_wconf 90' lang='lat' dir='ltr'>no.</span> <span class='ocrx_word' id='word_1_204' title='bbox 613 1564 655 1595; x_wconf 86' lang='grc'>30</span> <span class='ocrx_word' id='word_1_205' title='bbox 682 1573 741 1604; x_wconf 89' lang='lat' dir='ltr'>pro</span> <span class='ocrx_word' id='word_1_206' title='bbox 774 1561 881 1605; x_wconf 85' lang='lat' dir='ltr'>figura</span> <span class='ocrx_word' id='word_1_207' title='bbox 917 1560 1001 1594; x_wconf 89' lang='lat' dir='ltr'>male</span> <span class='ocrx_word' id='word_1_208' title='bbox 1029 1562 1116 1604; x_wconf 83' lang='lat' dir='ltr'>picta</span> <span class='ocrx_word' id='word_1_209' title='bbox 1144 1571 1226 1603; x_wconf 91' lang='lat' dir='ltr'>pone</span> <span class='ocrx_word' id='word_1_210' title='bbox 1264 1565 1365 1598; x_wconf 61' lang='lat' dir='ltr'>U.</span> <span class='ocrx_word' id='word_1_211' title='bbox 1421 1561 1473 1594; x_wconf 91' lang='lat' dir='ltr'>De</span> <span class='ocrx_word' id='word_1_212' title='bbox 1502 1560 1629 1593; x_wconf 89' lang='lat' dir='ltr'>litterae</span> <span class='ocrx_word' id='word_1_213' title='bbox 1650 1560 1718 1593; x_wconf 85' lang='lat' dir='ltr'>Jod</span> <span class='ocrx_word' id='word_1_214' title='bbox 1735 1560 1849 1604; x_wconf 79' lang='lat' dir='ltr'>figuris</span> 
     </span>
     <span class='ocr_line' id='line_1_21' title="bbox 227 1619 1674 1664; baseline -0.002 -8"><span class='ocrx_word' id='word_1_215' title='bbox 227 1634 280 1656; x_wconf 87' lang='lat' dir='ltr'>no.</span> <span class='ocrx_word' id='word_1_216' title='bbox 304 1625 356 1655; x_wconf 84' lang='lat'>16.</span> <span class='ocrx_word' id='word_1_217' title='bbox 380 1624 443 1662; x_wconf 89' lang='grc'>17,</span> <span class='ocrx_word' id='word_1_218' title='bbox 470 1633 548 1664; x_wconf 90' lang='lat' dir='ltr'>quas</span> <span class='ocrx_word' id='word_1_219' title='bbox 570 1628 603 1653; x_wconf 89' lang='lat' dir='ltr'>et</span> <span class='ocrx_word' id='word_1_220' title='bbox 623 1622 711 1663; x_wconf 83' lang='lat' dir='ltr'>ipsas</span> <span class='ocrx_word' id='word_1_221' title='bbox 735 1620 940 1653; x_wconf 87' lang='lat' dir='ltr'>Hamakerus</span> <span class='ocrx_word' id='word_1_222' title='bbox 958 1619 1039 1653; x_wconf 75' lang='lat' dir='ltr'>Nun</span> <span class='ocrx_word' id='word_1_223' title='bbox 1071 1631 1143 1652; x_wconf 85' lang='lat' dir='ltr'>esse</span> <span class='ocrx_word' id='word_1_224' title='bbox 1164 1621 1378 1660; x_wconf 81' lang='lat' dir='ltr'>existimavit,</span> <span class='ocrx_word' id='word_1_225' title='bbox 1414 1621 1487 1653; x_wconf 88' lang='lat' dir='ltr'>vide</span> <span class='ocrx_word' id='word_1_226' title='bbox 1510 1631 1579 1664; x_wconf 85' lang='lat' dir='ltr'>pag.</span> <span class='ocrx_word' id='word_1_227' title='bbox 1601 1623 1674 1653; x_wconf 88' lang='grc'>380.</span> 
     </span>
    </p>

    <p class='ocr_par' dir='ltr' id='par_1_11' title="bbox 228 1674 1845 1778">
     <span class='ocr_line' id='line_1_22' title="bbox 354 1674 1845 1721; baseline -0.001 -11"><span class='ocrx_word' id='word_1_228' title='bbox 354 1678 434 1721; x_wconf 83' lang='lat' dir='ltr'>Pag.</span> <span class='ocrx_word' id='word_1_229' title='bbox 458 1681 499 1710; x_wconf 85' lang='grc'>39</span> <span class='ocrx_word' id='word_1_230' title='bbox 523 1679 552 1717; x_wconf 66' lang='grc'>5.</span> <span class='ocrx_word' id='word_1_231' title='bbox 575 1680 626 1710; x_wconf 88' lang='grc'>26.</span> <span class='ocrx_word' id='word_1_232' title='bbox 669 1676 827 1709; x_wconf 87' lang='lat' dir='ltr'>Addenda</span> <span class='ocrx_word' id='word_1_233' title='bbox 857 1687 941 1710; x_wconf 85' lang='lat' dir='ltr'>nova</span> <span class='ocrx_word' id='word_1_234' title='bbox 967 1675 1072 1719; x_wconf 86' lang='lat' dir='ltr'>figura</span> <span class='ocrx_word' id='word_1_235' title='bbox 1095 1674 1232 1709; x_wconf 70' lang='lat' dir='ltr'>Samecla</span> <span class='ocrx_word' id='word_1_236' title='bbox 1252 1675 1378 1708; x_wconf 86' lang='lat' dir='ltr'>litterae</span> <span class='ocrx_word' id='word_1_237' title='bbox 1399 1677 1434 1709; x_wconf 90' lang='lat' dir='ltr'>in</span> <span class='ocrx_word' id='word_1_238' title='bbox 1456 1678 1562 1709; x_wconf 88' lang='lat' dir='ltr'>numis</span> <span class='ocrx_word' id='word_1_239' title='bbox 1582 1676 1773 1720; x_wconf 80' lang='lat' dir='ltr'>Sigensibus</span> <span class='ocrx_word' id='word_1_240' title='bbox 1793 1678 1845 1719; x_wconf 86' lang='lat' dir='ltr'>(v.</span> 
     </span>
     <span class='ocr_line' id='line_1_23' title="bbox 228 1732 1041 1778; baseline -0.002 -10"><span class='ocrx_word' id='word_1_241' title='bbox 228 1746 300 1778; x_wconf 83' lang='lat' dir='ltr'>pag.</span> <span class='ocrx_word' id='word_1_242' title='bbox 319 1735 401 1776; x_wconf 90' lang='grc'>324)</span> <span class='ocrx_word' id='word_1_243' title='bbox 423 1742 457 1766; x_wconf 86' lang='lat' dir='ltr'>et</span> <span class='ocrx_word' id='word_1_244' title='bbox 476 1735 509 1765; x_wconf 90' lang='lat' dir='ltr'>in</span> <span class='ocrx_word' id='word_1_245' title='bbox 531 1733 662 1766; x_wconf 87' lang='lat' dir='ltr'>Numid.</span> <span class='ocrx_word' id='word_1_246' title='bbox 686 1736 707 1765; x_wconf 93' lang='grc'>6</span> <span class='ocrx_word' id='word_1_247' title='bbox 729 1740 762 1765; x_wconf 87' lang='lat' dir='ltr'>et</span> <span class='ocrx_word' id='word_1_248' title='bbox 781 1736 801 1766; x_wconf 89' lang='grc'>7</span> <span class='ocrx_word' id='word_1_249' title='bbox 830 1733 922 1776; x_wconf 86' lang='lat' dir='ltr'>(pag.</span> <span class='ocrx_word' id='word_1_250' title='bbox 946 1735 1007 1765; x_wconf 84' lang='lat'>445</span> <span class='ocrx_word' id='word_1_251' title='bbox 1016 1732 1041 1775; x_wconf 87' lang='lat'>).</span> 
     </span>
    </p>

    <p class='ocr_par' dir='ltr' id='par_1_12' title="bbox 226 1787 1848 1890">
     <span class='ocr_line' id='line_1_24' title="bbox 355 1787 1848 1843; baseline -0.001 -20"><span class='ocrx_word' id='word_1_252' title='bbox 355 1791 432 1837; x_wconf 82' lang='lat' dir='ltr'>Pag.</span> <span class='ocrx_word' id='word_1_253' title='bbox 456 1792 508 1822; x_wconf 85' lang='lat'>40.</span> <span class='ocrx_word' id='word_1_254' title='bbox 551 1790 624 1822; x_wconf 78' lang='lat' dir='ltr'>Ain</span> <span class='ocrx_word' id='word_1_255' title='bbox 651 1789 839 1828; x_wconf 68' lang='lat' dir='ltr'>caudarum,</span> <span class='ocrx_word' id='word_1_256' title='bbox 877 1796 913 1821; x_wconf 92' lang='lat' dir='ltr'>ut</span> <span class='ocrx_word' id='word_1_257' title='bbox 941 1800 1005 1843; x_wconf 64' lang='lat'>¹¹⁰2</span> <span class='ocrx_word' id='word_1_258' title='bbox 1015 1791 1054 1829; x_wconf 88' lang='lat'>9,</span> <span class='ocrx_word' id='word_1_259' title='bbox 1090 1788 1191 1821; x_wconf 90' lang='lat' dir='ltr'>habes</span> <span class='ocrx_word' id='word_1_260' title='bbox 1220 1787 1329 1821; x_wconf 88' lang='lat' dir='ltr'>Carth.</span> <span class='ocrx_word' id='word_1_261' title='bbox 1353 1788 1424 1828; x_wconf 88' lang='lat' dir='ltr'>XI,</span> <span class='ocrx_word' id='word_1_262' title='bbox 1456 1792 1471 1820; x_wconf 91' lang='lat'><strong>1</strong></span> <span class='ocrx_word' id='word_1_263' title='bbox 1502 1790 1536 1820; x_wconf 89' lang='lat' dir='ltr'>in</span> <span class='ocrx_word' id='word_1_264' title='bbox 1566 1797 1774 1830; x_wconf 50' lang='lat' dir='ltr'>nanum-125,</span> <span class='ocrx_word' id='word_1_265' title='bbox 1813 1797 1848 1822; x_wconf 83' lang='lat' dir='ltr'>ut</span> 
     </span>
     <span class='ocr_line' id='line_1_25' title="bbox 226 1844 1264 1890; baseline -0.003 -11"><span class='ocrx_word' id='word_1_266' title='bbox 226 1847 311 1880; x_wconf 87' lang='lat' dir='ltr'>infra</span> <span class='ocrx_word' id='word_1_267' title='bbox 334 1853 478 1890; x_wconf 84' lang='lat' dir='ltr'>apertum</span> <span class='ocrx_word' id='word_1_268' title='bbox 497 1847 531 1878; x_wconf 90' lang='lat' dir='ltr'>in</span> <span class='ocrx_word' id='word_1_269' title='bbox 553 1844 683 1878; x_wconf 85' lang='lat' dir='ltr'>Numid.</span> <span class='ocrx_word' id='word_1_270' title='bbox 706 1845 793 1884; x_wconf 88' lang='lat' dir='ltr'>VIII,</span> <span class='ocrx_word' id='word_1_271' title='bbox 815 1845 873 1876; x_wconf 88' lang='lat' dir='ltr'>lin.</span> <span class='ocrx_word' id='word_1_272' title='bbox 896 1848 927 1877; x_wconf 90' lang='grc'>2.</span> <span class='ocrx_word' id='word_1_273' title='bbox 971 1844 1055 1877; x_wconf 89' lang='lat' dir='ltr'>Vide</span> <span class='ocrx_word' id='word_1_274' title='bbox 1078 1845 1210 1887; x_wconf 85' lang='lat' dir='ltr'>append.</span> <span class='ocrx_word' id='word_1_275' title='bbox 1233 1849 1264 1876; x_wconf 85' lang='lat'>2.</span> 
     </span>
    </p>

    <p class='ocr_par' dir='ltr' id='par_1_13' title="bbox 355 1892 1565 1946">
     <span class='ocr_line' id='line_1_26' title="bbox 355 1892 1565 1946; baseline -0.002 -11"><span class='ocrx_word' id='word_1_276' title='bbox 355 1902 433 1946; x_wconf 79' lang='lat' dir='ltr'>Pag.</span> <span class='ocrx_word' id='word_1_277' title='bbox 455 1905 496 1935; x_wconf 86' lang='lat'>48</span> <span class='ocrx_word' id='word_1_278' title='bbox 522 1904 550 1941; x_wconf 67' lang='grc' dir='ltr'>ς.</span> <span class='ocrx_word' id='word_1_279' title='bbox 574 1904 615 1935; x_wconf 93' lang='grc'>33</span> <span class='ocrx_word' id='word_1_280' title='bbox 637 1902 678 1934; x_wconf 90' lang='lat' dir='ltr'>ad</span> <span class='ocrx_word' id='word_1_281' title='bbox 706 1901 776 1934; x_wconf 83' lang='lat' dir='ltr'>Tau</span> <span class='ocrx_word' id='word_1_282' title='bbox 796 1901 935 1933; x_wconf 88' lang='lat' dir='ltr'>litteram</span> <span class='ocrx_word' id='word_1_283' title='bbox 957 1902 1039 1933; x_wconf 89' lang='lat' dir='ltr'>adde</span> <span class='ocrx_word' id='word_1_284' title='bbox 1059 1900 1181 1944; x_wconf 89' lang='lat' dir='ltr'>figuras</span> <span class='ocrx_word' id='word_1_285' title='bbox 1201 1903 1235 1933; x_wconf 91' lang='lat' dir='ltr'>in</span> <span class='ocrx_word' id='word_1_286' title='bbox 1259 1912 1346 1933; x_wconf 92' lang='lat' dir='ltr'>num.</span> <span class='ocrx_word' id='word_1_287' title='bbox 1367 1900 1438 1933; x_wconf 84' lang='lat' dir='ltr'>Bel.</span> <span class='ocrx_word' id='word_1_288' title='bbox 1458 1892 1500 1934; x_wconf 75' lang='grc' dir='ltr'>Ᾰ.</span> <span class='ocrx_word' id='word_1_289' title='bbox 1522 1900 1565 1933; x_wconf 88' lang='lat' dir='ltr'>D.</span> 
     </span>
    </p>

    <p class='ocr_par' dir='ltr' id='par_1_14' title="bbox 227 1956 1848 2169">
     <span class='ocr_line' id='line_1_27' title="bbox 357 1956 1848 2002; baseline -0.001 -11"><span class='ocrx_word' id='word_1_290' title='bbox 357 1958 432 2002; x_wconf 76' lang='lat' dir='ltr'>Pag.</span> <span class='ocrx_word' id='word_1_291' title='bbox 454 1961 497 1991; x_wconf 85' lang='lat'>49</span> <span class='ocrx_word' id='word_1_292' title='bbox 526 1960 554 1998; x_wconf 65' lang='grc'>9.</span> <span class='ocrx_word' id='word_1_293' title='bbox 578 1960 631 1998; x_wconf 87' lang='grc'>34,</span> <span class='ocrx_word' id='word_1_294' title='bbox 652 1963 684 1990; x_wconf 90' lang='lat'>4.</span> <span class='ocrx_word' id='word_1_295' title='bbox 727 1958 764 1990; x_wconf 92' lang='lat' dir='ltr'>In</span> <span class='ocrx_word' id='word_1_296' title='bbox 797 1957 897 1990; x_wconf 87' lang='lat' dir='ltr'>titulis</span> <span class='ocrx_word' id='word_1_297' title='bbox 928 1956 1175 2000; x_wconf 85' lang='lat' dir='ltr'>Carthaginensi</span> <span class='ocrx_word' id='word_1_298' title='bbox 1203 1958 1342 1990; x_wconf 80' lang='lat' dir='ltr'>secundo</span> <span class='ocrx_word' id='word_1_299' title='bbox 1372 1964 1405 1989; x_wconf 85' lang='lat' dir='ltr'>et</span> <span class='ocrx_word' id='word_1_300' title='bbox 1431 1958 1523 1989; x_wconf 85' lang='lat' dir='ltr'>tertio</span> <span class='ocrx_word' id='word_1_301' title='bbox 1544 1956 1670 1991; x_wconf 86' lang='lat' dir='ltr'>litterae</span> <span class='ocrx_word' id='word_1_302' title='bbox 1691 1957 1806 1990; x_wconf 89' lang='lat' dir='ltr'>finales</span> <span class='ocrx_word' id='word_1_303' title='bbox 1828 1969 1848 1990; x_wconf 89' lang='lat' dir='ltr'>a</span> 
     </span>
     <span class='ocr_line' id='line_1_28' title="bbox 227 2013 1847 2060; baseline -0.001 -12"><span class='ocrx_word' id='word_1_304' title='bbox 227 2014 358 2060; x_wconf 86' lang='lat' dir='ltr'>reliquis</span> <span class='ocrx_word' id='word_1_305' title='bbox 389 2025 616 2057; x_wconf 88' lang='lat' dir='ltr'>nonnunquam</span> <span class='ocrx_word' id='word_1_306' title='bbox 645 2016 691 2046; x_wconf 83' lang='lat' dir='ltr'>ita</span> <span class='ocrx_word' id='word_1_307' title='bbox 719 2015 892 2054; x_wconf 83' lang='lat' dir='ltr'>differunt,</span> <span class='ocrx_word' id='word_1_308' title='bbox 923 2020 959 2046; x_wconf 89' lang='lat' dir='ltr'>ut</span> <span class='ocrx_word' id='word_1_309' title='bbox 980 2013 1080 2046; x_wconf 88' lang='lat' dir='ltr'>multo</span> <span class='ocrx_word' id='word_1_310' title='bbox 1102 2015 1233 2046; x_wconf 87' lang='lat' dir='ltr'>maioris</span> <span class='ocrx_word' id='word_1_311' title='bbox 1255 2013 1378 2046; x_wconf 90' lang='lat' dir='ltr'>moduli</span> <span class='ocrx_word' id='word_1_312' title='bbox 1400 2015 1483 2053; x_wconf 90' lang='lat' dir='ltr'>sint,</span> <span class='ocrx_word' id='word_1_313' title='bbox 1524 2015 1617 2046; x_wconf 81' lang='lat' dir='ltr'>sicuti</span> <span class='ocrx_word' id='word_1_314' title='bbox 1641 2026 1701 2047; x_wconf 87' lang='lat' dir='ltr'>nos</span> <span class='ocrx_word' id='word_1_315' title='bbox 1722 2025 1847 2057; x_wconf 90' lang='lat' dir='ltr'>quoque</span> 
     </span>
     <span class='ocr_line' id='line_1_29' title="bbox 228 2069 1846 2105; baseline -0.001 -1"><span class='ocrx_word' id='word_1_316' title='bbox 228 2073 382 2105; x_wconf 86' lang='lat' dir='ltr'>extremis</span> <span class='ocrx_word' id='word_1_317' title='bbox 418 2082 534 2103; x_wconf 89' lang='lat' dir='ltr'>vocum</span> <span class='ocrx_word' id='word_1_318' title='bbox 569 2078 601 2102; x_wconf 91' lang='lat' dir='ltr'>et</span> <span class='ocrx_word' id='word_1_319' title='bbox 634 2072 863 2103; x_wconf 87' lang='lat' dir='ltr'>sententiarum</span> <span class='ocrx_word' id='word_1_320' title='bbox 891 2069 1007 2102; x_wconf 87' lang='lat' dir='ltr'>litteris</span> <span class='ocrx_word' id='word_1_321' title='bbox 1037 2069 1221 2102; x_wconf 83' lang='lat' dir='ltr'>liberiorem</span> <span class='ocrx_word' id='word_1_322' title='bbox 1251 2070 1380 2102; x_wconf 81' lang='lat' dir='ltr'>ductum</span> <span class='ocrx_word' id='word_1_323' title='bbox 1410 2071 1526 2102; x_wconf 84' lang='lat' dir='ltr'>addere</span> <span class='ocrx_word' id='word_1_324' title='bbox 1555 2069 1705 2103; x_wconf 89' lang='lat' dir='ltr'>solemus.</span> <span class='ocrx_word' id='word_1_325' title='bbox 1760 2070 1846 2102; x_wconf 89' lang='lat' dir='ltr'>Vide</span> 
     </span>
     <span class='ocr_line' id='line_1_30' title="bbox 227 2124 1623 2169; baseline -0.006 -7"><span class='ocrx_word' id='word_1_326' title='bbox 227 2130 368 2162; x_wconf 79' lang='lat' dir='ltr'>maxime</span> <span class='ocrx_word' id='word_1_327' title='bbox 390 2138 414 2162; x_wconf 79' lang='lat' dir='ltr'>n</span> <span class='ocrx_word' id='word_1_328' title='bbox 432 2129 466 2160; x_wconf 91' lang='lat' dir='ltr'>in</span> <span class='ocrx_word' id='word_1_329' title='bbox 485 2136 605 2161; x_wconf 48' lang='lat' dir='ltr'>nurum</span> <span class='ocrx_word' id='word_1_330' title='bbox 639 2126 790 2169; x_wconf 78' lang='lat' dir='ltr'>carthag.</span> <span class='ocrx_word' id='word_1_331' title='bbox 815 2129 846 2166; x_wconf 89' lang='grc'>3,</span> <span class='ocrx_word' id='word_1_332' title='bbox 868 2130 899 2158; x_wconf 87' lang='grc'>4.</span> <span class='ocrx_word' id='word_1_333' title='bbox 1620 2124 1623 2126; x_wconf 77' lang='grc'>’</span> 
     </span>
    </p>

    <p class='ocr_par' dir='ltr' id='par_1_15' title="bbox 222 2182 1845 2510">
     <span class='ocr_line' id='line_1_31' title="bbox 355 2182 1845 2227; baseline -0.001 -11"><span class='ocrx_word' id='word_1_334' title='bbox 355 2184 433 2227; x_wconf 86' lang='lat' dir='ltr'>Pag.</span> <span class='ocrx_word' id='word_1_335' title='bbox 455 2186 505 2216; x_wconf 86' lang='lat'>54.</span> <span class='ocrx_word' id='word_1_336' title='bbox 549 2183 720 2215; x_wconf 86' lang='lat' dir='ltr'>Scribendi</span> <span class='ocrx_word' id='word_1_337' title='bbox 742 2183 958 2225; x_wconf 85' lang='lat' dir='ltr'>compendiis,</span> <span class='ocrx_word' id='word_1_338' title='bbox 994 2193 1075 2225; x_wconf 84' lang='lat' dir='ltr'>qnae</span> <span class='ocrx_word' id='word_1_339' title='bbox 1097 2184 1125 2222; x_wconf 83' lang='lat'>§.</span> <span class='ocrx_word' id='word_1_340' title='bbox 1149 2186 1190 2216; x_wconf 86' lang='grc'>37</span> <span class='ocrx_word' id='word_1_341' title='bbox 1212 2184 1370 2215; x_wconf 81' lang='lat' dir='ltr'>recensita</span> <span class='ocrx_word' id='word_1_342' title='bbox 1390 2189 1484 2221; x_wconf 87' lang='lat' dir='ltr'>sunt,</span> <span class='ocrx_word' id='word_1_343' title='bbox 1513 2183 1593 2214; x_wconf 88' lang='lat' dir='ltr'>adde</span> <span class='ocrx_word' id='word_1_344' title='bbox 1614 2182 1710 2214; x_wconf 85' lang='lat' dir='ltr'>haec:</span> <span class='ocrx_word' id='word_1_345' title='bbox 1741 2192 1764 2216; x_wconf 59' lang='lat' dir='ltr'>te</span> <span class='ocrx_word' id='word_1_346' title='bbox 1786 2193 1845 2225; x_wconf 88' lang='lat' dir='ltr'>pro</span> 
     </span>
     <span class='ocr_line' id='line_1_32' title="bbox 230 2238 1845 2285; baseline -0.001 -12"><span class='ocrx_word' id='word_1_347' title='bbox 230 2251 299 2276; x_wconf 63' lang='grc' dir='ltr'>ητις</span> <span class='ocrx_word' id='word_1_348' title='bbox 327 2240 457 2273; x_wconf 91' lang='lat' dir='ltr'>Numid.</span> <span class='ocrx_word' id='word_1_349' title='bbox 482 2243 521 2279; x_wconf 90' lang='lat'>6,</span> <span class='ocrx_word' id='word_1_350' title='bbox 545 2243 574 2271; x_wconf 89' lang='lat'>1.</span> <span class='ocrx_word' id='word_1_351' title='bbox 605 2243 635 2280; x_wconf 90' lang='grc'>7,</span> <span class='ocrx_word' id='word_1_352' title='bbox 659 2243 674 2272; x_wconf 92' lang='grc'>1</span> <span class='ocrx_word' id='word_1_353' title='bbox 713 2240 804 2282; x_wconf 85' lang='lat' dir='ltr'>(pag.</span> <span class='ocrx_word' id='word_1_354' title='bbox 826 2242 889 2271; x_wconf 89' lang='grc'>447</span> <span class='ocrx_word' id='word_1_355' title='bbox 899 2241 924 2280; x_wconf 93' lang='grc'>).</span> <span class='ocrx_word' id='word_1_356' title='bbox 953 2256 996 2263; x_wconf 84' lang='lat'><em>—</em></span> <span class='ocrx_word' id='word_1_357' title='bbox 1040 2250 1080 2278; x_wconf 78' lang='lat' dir='ltr'>n,</span> <span class='ocrx_word' id='word_1_358' title='bbox 1109 2249 1157 2274; x_wconf 68' lang='lat' dir='ltr'>ran</span> <span class='ocrx_word' id='word_1_359' title='bbox 1187 2240 1220 2271; x_wconf 92' lang='lat' dir='ltr'>in</span> <span class='ocrx_word' id='word_1_360' title='bbox 1251 2250 1337 2271; x_wconf 90' lang='lat' dir='ltr'>num.</span> <span class='ocrx_word' id='word_1_361' title='bbox 1359 2238 1610 2277; x_wconf 76' lang='lat' dir='ltr'>panormitanis,</span> <span class='ocrx_word' id='word_1_362' title='bbox 1637 2238 1695 2285; x_wconf 29' lang='lat' dir='ltr'>ubi·</span> <span class='ocrx_word' id='word_1_363' title='bbox 1715 2240 1749 2270; x_wconf 90' lang='lat' dir='ltr'>in</span> <span class='ocrx_word' id='word_1_364' title='bbox 1772 2238 1845 2271; x_wconf 89' lang='lat' dir='ltr'>aliis</span> 
     </span>
     <span class='ocr_line' id='line_1_33' title="bbox 222 2286 1842 2341; baseline -0.002 -11"><span class='ocrx_word' id='word_1_365' title='bbox 222 2286 386 2341; x_wconf 32' lang='lat' dir='ltr'>‘exemplis</span> <span class='ocrx_word' id='word_1_366' title='bbox 418 2305 503 2331; x_wconf 73' lang='lat' dir='ltr'>mm:</span> <span class='ocrx_word' id='word_1_367' title='bbox 536 2300 588 2339; x_wconf 88' lang='lat' dir='ltr'>(p.</span> <span class='ocrx_word' id='word_1_368' title='bbox 609 2297 709 2338; x_wconf 84' lang='lat'>292),</span> <span class='ocrx_word' id='word_1_369' title='bbox 749 2306 794 2330; x_wconf 76' lang='grc' dir='ltr'>-ιη</span> <span class='ocrx_word' id='word_1_370' title='bbox 816 2306 876 2338; x_wconf 82' lang='lat' dir='ltr'>pro</span> <span class='ocrx_word' id='word_1_371' title='bbox 893 2304 987 2329; x_wconf 57' lang='lat' dir='ltr'>niv-m</span> <span class='ocrx_word' id='word_1_372' title='bbox 1012 2294 1143 2337; x_wconf 62' lang='lat' dir='ltr'>(ibim).</span> <span class='ocrx_word' id='word_1_373' title='bbox 1173 2312 1215 2319; x_wconf 93' lang='lat'><strong>—</strong></span> <span class='ocrx_word' id='word_1_374' title='bbox 1257 2304 1279 2328; x_wconf 74' lang='lat'>7:</span> <span class='ocrx_word' id='word_1_375' title='bbox 1303 2302 1335 2327; x_wconf 84' lang='lat' dir='ltr'>et</span> <span class='ocrx_word' id='word_1_376' title='bbox 1356 2303 1402 2330; x_wconf 63' lang='grc' dir='ltr'>κῃ</span> <span class='ocrx_word' id='word_1_377' title='bbox 1425 2306 1482 2337; x_wconf 86' lang='lat' dir='ltr'>pro</span> <span class='ocrx_word' id='word_1_378' title='bbox 1504 2303 1573 2328; x_wconf 65' lang='lat' dir='ltr'>naz,</span> <span class='ocrx_word' id='word_1_379' title='bbox 1600 2299 1725 2327; x_wconf 82' lang='lat' dir='ltr'>centum</span> <span class='ocrx_word' id='word_1_380' title='bbox 1747 2307 1776 2338; x_wconf 92' lang='lat' dir='ltr'>p.</span> <span class='ocrx_word' id='word_1_381' title='bbox 1802 2298 1842 2327; x_wconf 85' lang='lat'>87</span> 
     </span>
     <span class='ocr_line' id='line_1_34' title="bbox 228 2351 1844 2396; baseline -0.001 -10"><span class='ocrx_word' id='word_1_382' title='bbox 228 2354 287 2386; x_wconf 87' lang='lat' dir='ltr'>inf.</span> <span class='ocrx_word' id='word_1_383' title='bbox 307 2365 338 2396; x_wconf 93' lang='grc' dir='ltr'>Ρ.</span> <span class='ocrx_word' id='word_1_384' title='bbox 354 2356 417 2386; x_wconf 86' lang='grc'>270</span> <span class='ocrx_word' id='word_1_385' title='bbox 445 2353 501 2385; x_wconf 90' lang='lat' dir='ltr'>lin.</span> <span class='ocrx_word' id='word_1_386' title='bbox 523 2355 576 2385; x_wconf 90' lang='grc'>20.</span> <span class='ocrx_word' id='word_1_387' title='bbox 607 2372 647 2377; x_wconf 92' lang='lat'>——</span> <span class='ocrx_word' id='word_1_388' title='bbox 690 2361 713 2386; x_wconf 63' lang='grc' dir='ltr'>Ν</span> <span class='ocrx_word' id='word_1_389' title='bbox 736 2361 758 2385; x_wconf 77' lang='lat'>72</span> <span class='ocrx_word' id='word_1_390' title='bbox 789 2362 850 2394; x_wconf 89' lang='lat' dir='ltr'>pro</span> <span class='ocrx_word' id='word_1_391' title='bbox 883 2361 965 2386; x_wconf 54' lang='lat' dir='ltr'>aas&amp;</span> <span class='ocrx_word' id='word_1_392' title='bbox 987 2353 1070 2387; x_wconf 63' lang='lat'>55:72</span> <span class='ocrx_word' id='word_1_393' title='bbox 1104 2353 1139 2383; x_wconf 88' lang='lat' dir='ltr'>in</span> <span class='ocrx_word' id='word_1_394' title='bbox 1169 2363 1256 2384; x_wconf 88' lang='lat' dir='ltr'>num.</span> <span class='ocrx_word' id='word_1_395' title='bbox 1287 2351 1392 2384; x_wconf 78' lang='lat' dir='ltr'>Gadit.</span> <span class='ocrx_word' id='word_1_396' title='bbox 1422 2363 1452 2393; x_wconf 91' lang='grc' dir='ltr'>Ρ.</span> <span class='ocrx_word' id='word_1_397' title='bbox 1475 2354 1548 2383; x_wconf 86' lang='grc'>306.</span> <span class='ocrx_word' id='word_1_398' title='bbox 1591 2351 1760 2387; x_wconf 83' lang='lat' dir='ltr'>Praeterea</span> <span class='ocrx_word' id='word_1_399' title='bbox 1781 2352 1844 2384; x_wconf 86' lang='lat' dir='ltr'>huc</span> 
     </span>
     <span class='ocr_line' id='line_1_35' title="bbox 229 2406 1844 2451; baseline -0.001 -9"><span class='ocrx_word' id='word_1_400' title='bbox 229 2410 418 2443; x_wconf 80' lang='lat' dir='ltr'>referendae</span> <span class='ocrx_word' id='word_1_401' title='bbox 439 2417 514 2442; x_wconf 88' lang='lat' dir='ltr'>sunt</span> <span class='ocrx_word' id='word_1_402' title='bbox 533 2408 660 2441; x_wconf 82' lang='lat' dir='ltr'>litterae</span> <span class='ocrx_word' id='word_1_403' title='bbox 682 2408 844 2441; x_wconf 87' lang='lat' dir='ltr'>solitariae</span> <span class='ocrx_word' id='word_1_404' title='bbox 866 2410 900 2440; x_wconf 91' lang='lat' dir='ltr'>in</span> <span class='ocrx_word' id='word_1_405' title='bbox 924 2407 1033 2440; x_wconf 82' lang='lat' dir='ltr'>multis</span> <span class='ocrx_word' id='word_1_406' title='bbox 1056 2419 1223 2440; x_wconf 85' lang='lat' dir='ltr'>numorum</span> <span class='ocrx_word' id='word_1_407' title='bbox 1237 2408 1410 2451; x_wconf 84' lang='lat' dir='ltr'>generibus</span> <span class='ocrx_word' id='word_1_408' title='bbox 1422 2413 1597 2447; x_wconf 87' lang='lat' dir='ltr'>exstantes,</span> <span class='ocrx_word' id='word_1_409' title='bbox 1622 2413 1658 2438; x_wconf 88' lang='lat' dir='ltr'>ut</span> <span class='ocrx_word' id='word_1_410' title='bbox 1673 2408 1707 2439; x_wconf 91' lang='lat' dir='ltr'>in</span> <span class='ocrx_word' id='word_1_411' title='bbox 1726 2406 1844 2440; x_wconf 81' lang='lat' dir='ltr'>Siculis</span> 
     </span>
     <span class='ocr_line' id='line_1_36' title="bbox 230 2462 1649 2510; baseline -0.001 -12"><span class='ocrx_word' id='word_1_412' title='bbox 230 2477 302 2510; x_wconf 86' lang='lat' dir='ltr'>pag.</span> <span class='ocrx_word' id='word_1_413' title='bbox 325 2468 404 2505; x_wconf 87' lang='grc'>292,</span> <span class='ocrx_word' id='word_1_414' title='bbox 434 2464 694 2498; x_wconf 84' lang='lat' dir='ltr'>Marathensibns</span> <span class='ocrx_word' id='word_1_415' title='bbox 719 2476 752 2507; x_wconf 85' lang='lat' dir='ltr'>p.</span> <span class='ocrx_word' id='word_1_416' title='bbox 774 2467 854 2504; x_wconf 88' lang='grc'>273,</span> <span class='ocrx_word' id='word_1_417' title='bbox 881 2466 922 2497; x_wconf 91' lang='lat' dir='ltr'>iis</span> <span class='ocrx_word' id='word_1_418' title='bbox 945 2465 999 2508; x_wconf 89' lang='lat' dir='ltr'>qui</span> <span class='ocrx_word' id='word_1_419' title='bbox 1020 2464 1130 2497; x_wconf 86' lang='lat' dir='ltr'>Arado</span> <span class='ocrx_word' id='word_1_420' title='bbox 1151 2464 1247 2508; x_wconf 83' lang='lat' dir='ltr'>vulgo</span> <span class='ocrx_word' id='word_1_421' title='bbox 1269 2464 1449 2496; x_wconf 88' lang='lat' dir='ltr'>tribuuntur</span> <span class='ocrx_word' id='word_1_422' title='bbox 1468 2474 1500 2506; x_wconf 86' lang='lat' dir='ltr'>p.</span> <span class='ocrx_word' id='word_1_423' title='bbox 1522 2465 1583 2496; x_wconf 88' lang='grc'>275</span> <span class='ocrx_word' id='word_1_424' title='bbox 1606 2462 1649 2496; x_wconf 85' lang='lat' dir='ltr'>al.</span> 
     </span>
    </p>

    <p class='ocr_par' dir='ltr' id='par_1_16' title="bbox 230 2519 1844 2622">
     <span class='ocr_line' id='line_1_37' title="bbox 359 2519 1844 2565; baseline -0.003 -9"><span class='ocrx_word' id='word_1_425' title='bbox 359 2523 435 2565; x_wconf 77' lang='lat' dir='ltr'>Pag-</span> <span class='ocrx_word' id='word_1_426' title='bbox 458 2525 500 2555; x_wconf 86' lang='lat'>56</span> <span class='ocrx_word' id='word_1_427' title='bbox 527 2525 556 2562; x_wconf 68' lang='grc' dir='ltr'>ς.</span> <span class='ocrx_word' id='word_1_428' title='bbox 579 2525 630 2555; x_wconf 86' lang='grc'>39.</span> <span class='ocrx_word' id='word_1_429' title='bbox 679 2520 850 2554; x_wconf 85' lang='lat' dir='ltr'>Lineolam</span> <span class='ocrx_word' id='word_1_430' title='bbox 877 2520 1042 2562; x_wconf 74' lang='lat' dir='ltr'>Makkepk</span> <span class='ocrx_word' id='word_1_431' title='bbox 1077 2522 1110 2553; x_wconf 91' lang='lat' dir='ltr'>in</span> <span class='ocrx_word' id='word_1_432' title='bbox 1138 2522 1234 2553; x_wconf 84' lang='lat' dir='ltr'>inser.</span> <span class='ocrx_word' id='word_1_433' title='bbox 1266 2520 1369 2564; x_wconf 86' lang='lat' dir='ltr'>Tugg.</span> <span class='ocrx_word' id='word_1_434' title='bbox 1397 2521 1554 2563; x_wconf 84' lang='lat' dir='ltr'>reperisse</span> <span class='ocrx_word' id='word_1_435' title='bbox 1583 2519 1646 2553; x_wconf 88' lang='lat' dir='ltr'>sibi</span> <span class='ocrx_word' id='word_1_436' title='bbox 1675 2520 1844 2553; x_wconf 86' lang='lat' dir='ltr'>videbatur</span> 
     </span>
     <span class='ocr_line' id='line_1_38' title="bbox 230 2577 1180 2622; baseline -0.003 -10"><span class='ocrx_word' id='word_1_437' title='bbox 230 2579 371 2612; x_wconf 87' lang='lat' dir='ltr'>Hamak.</span> <span class='ocrx_word' id='word_1_438' title='bbox 394 2580 486 2612; x_wconf 90' lang='lat' dir='ltr'>diatr.</span> <span class='ocrx_word' id='word_1_439' title='bbox 509 2582 570 2619; x_wconf 88' lang='lat'>41,</span> <span class='ocrx_word' id='word_1_440' title='bbox 604 2589 696 2622; x_wconf 89' lang='lat' dir='ltr'>quam</span> <span class='ocrx_word' id='word_1_441' title='bbox 716 2577 784 2610; x_wconf 83' lang='lat' dir='ltr'>Jod</span> <span class='ocrx_word' id='word_1_442' title='bbox 803 2588 875 2610; x_wconf 81' lang='lat' dir='ltr'>esse</span> <span class='ocrx_word' id='word_1_443' title='bbox 896 2578 1036 2610; x_wconf 85' lang='lat' dir='ltr'>vidimus</span> <span class='ocrx_word' id='word_1_444' title='bbox 1055 2588 1085 2620; x_wconf 86' lang='grc' dir='ltr'>Ρ.</span> <span class='ocrx_word' id='word_1_445' title='bbox 1108 2580 1180 2610; x_wconf 84' lang='grc'>188.</span> 
     </span>
    </p>
   </div>
  </div>
 </body>
</html>
