2242 2976
425 259 764 294 INSCRIPTIONES
786 258 1109 293 ATHENIENSES.
1153 258 1197 293 V.
1219 257 1518 294 ATHENIENSIS
1541 244 1691 293 PRIMA.
1803 263 1873 299 115

249 355 403 398 suffragia
424 353 507 387 tulit.
553 344 688 387 ΤίιΙΘηιῐ
709 355 806 386 etiam
828 360 972 387 nostrum
993 355 1043 396 (v.
1066 353 1168 396 praef.
1192 353 1232 385 ad
1254 353 1336 385 Lex.
1359 353 1451 386 hebr.
1473 354 1579 386 minus
1602 364 1632 396 p.
1649 353 1758 386 XXX
1779 354 1828 386 ed.
1844 357 1874 387 2.

248 410 420 453 Encyclop.
444 413 584 444 univers.
608 410 649 444 T.
664 409 767 443 XXII
790 420 821 452 p.
837 409 918 452 97):
940 421 1052 443 verum
1073 411 1160 442 enim
1176 419 1273 448 vero,
1296 411 1379 451 quod
1402 411 1641 452 praesagiverat
1663 411 1788 443 animus
1811 411 1876 442 iam

250 478 336 500 anno
354 471 437 500 1828
462 467 515 511 (v.
534 468 617 510 apud
632 466 834 500 Boeckhium
855 465 874 497 l.
890 467 956 508 c.)‚
978 467 1010 499 id
1026 473 1137 508 postea
1153 473 1278 508 praeter
1291 468 1563 508 exspectationem
1578 467 1685 498 evenit
1701 473 1734 498 et
1748 478 1876 508 prorsus

251 523 474 557 confirmatum
496 530 554 556 est.
598 523 635 556 In
661 530 770 555 nostro
792 523 879 555 enim
896 521 1000 564 lapide
1022 523 1165 554 Londini
1186 534 1206 554 a
1229 532 1280 554 me
1303 523 1505 559 examinato,
1534 524 1569 554 iu
1593 522 1719 555 duobus
1741 523 1876 565 Lugdu-

250 580 404 612 nensibus
436 578 566 621 (Carth.
594 583 625 612 2.
655 581 696 621 3)
723 586 756 611 et
777 580 858 621 ipsis
880 590 900 611 a
922 589 974 610 me
994 580 1146 621 inspectis
1177 585 1208 610 et
1237 579 1271 609 in
1299 577 1482 610 Hauniensi
1509 586 1589 610 teste
1616 579 1815 622 Lindbergio
1845 586 1877 611 et

253 635 498 678 Hohlenbergio
523 635 632 668 littera
659 634 716 667 illa
738 636 864 674 media,
902 636 942 667 de
964 646 1027 678 qua
1050 634 1228 667 dubitatum
1250 641 1316 673 est,
1346 641 1410 667 tam
1433 634 1630 666 luculentum
1652 643 1701 667 est
1722 634 1820 674 Nun,
1857 647 1877 667 a

251 693 376 725 Lamed
405 694 439 724 in
467 693 580 724 iisdem
611 691 712 724 titulis
739 690 836 723 obvio
869 698 934 723 tam
972 691 1144 723 manifesto
1174 692 1354 729 diversum,
1394 697 1429 723 ut
1456 690 1512 722 illa
1540 692 1680 723 virorum
1711 692 1876 724 doctorum

251 749 411 781 discordia
440 760 503 780 non
533 748 630 781 aliam
660 749 730 780 sive
760 740 891 781 causam
918 749 989 780 sive
1017 748 1259 784 excusationem
1291 746 1409 779 habeat
1438 758 1532 790 quam
1561 759 1580 779 a
1607 747 1877 780 delineationibus

252 806 357 837 minus
382 806 558 843 accuratis,
597 815 640 837 ex
664 803 778 846 quibus
800 805 881 846 ipsis
905 814 1002 846 prava
1023 802 1080 835 illa
1101 803 1283 837 Hamakeri
1304 803 1344 834 de
1367 803 1495 836 Lamed
1515 811 1546 835 et
1568 803 1647 836 Nun
1669 804 1752 845 apud
1775 803 1878 836 Phoe-

253 863 341 893 nices
370 862 548 903 promiscue
574 862 733 903 usurpatis
757 861 902 892 doctrina
925 867 996 891 orta
1025 866 1075 891 est
1100 858 1177 901 (lib.
1198 858 1214 891 Ι
1235 861 1263 898 ξ.
1287 862 1338 893 23.
1361 861 1435 901 25).
1479 859 1670 892 Abdicanda
1691 861 1788 902 igitur
1810 861 1877 894 nbn

258 916 415 955 Thalam,
440 928 563 948 merum
582 918 798 951 recentiorum
813 923 1037 955 commentum,
1060 917 1153 948 cuius
1168 916 1202 947 in
1218 916 1432 948 marmoribus
1448 923 1533 948 recte
1546 915 1638 948 lectis
1654 927 1694 948 ne
1712 917 1877 948 minimum

251 974 378 1016 quidem
402 974 572 1016 vestigium
595 979 767 1015 comparet.

380 1028 466 1067 Quid
498 1040 575 1060 vero
604 1035 654 1060 est
676 1027 760 1061 nan?
796 1028 954 1067 quomodo
977 1027 1040 1059 hoc
1062 1038 1179 1060 nomen
1202 1027 1424 1060 efferendum
1453 1039 1535 1070 quae
1557 1028 1622 1060 alia
1643 1029 1715 1062 talis
1739 1032 1879 1063 numinis

254 1086 392 1128 vestigia
419 1085 513 1117 offert
541 1084 732 1127 antiquitasss
774 1083 821 1115 De
852 1082 903 1115 his
935 1083 1122 1126 singulatim
1152 1085 1216 1117 iam
1239 1084 1414 1116 videamus.
1456 1083 1506 1116 Ac
1525 1089 1665 1127 primum
1687 1086 1815 1128 quidem
1836 1097 1879 1119 ex

253 1143 334 1184 ipsis
364 1153 443 1184 quas
470 1140 672 1173 laudavimus
701 1140 966 1183 inscriptionibus
996 1142 1060 1172 tria
1089 1139 1200 1183 colligi
1228 1147 1380 1182 possunt:
1421 1140 1452 1182 a)
1477 1152 1596 1172 numen
1624 1151 1686 1174 mn
1716 1153 1780 1174 una
1808 1154 1880 1175 cum

254 1206 318 1240 'mn
340 1199 400 1233 ⁷2³:
422 1209 449 1230 s.
474 1196 568 1229 Baali
590 1196 697 1229 Solari
721 1196 839 1229 cultum
856 1203 888 1227 et
903 1196 1004 1229 titulis
1024 1196 1220 1229 celebratum
1242 1207 1314 1229 esse
1337 1194 1469 1238 (Carth.
1486 1200 1517 1229 2.
1535 1200 1564 1229 3.
1580 1197 1637 1239 5);
1667 1198 1700 1239 b)
1724 1200 1879 1231 maiorem

254 1253 323 1285 fere
359 1256 430 1286 eius
467 1264 562 1296 quam
604 1253 795 1285 Chammani
825 1254 1047 1285 auctoritatem
1081 1253 1181 1286 fuisse
1198 1275 1208 1291 ‚
1253 1253 1305 1285 cui
1335 1252 1454 1294 ubique
1491 1260 1701 1296 anteponatur
1739 1255 1877 1296 (ibid.);

255 1314 286 1350 c)
309 1320 381 1342 cum
402 1309 519 1343 Diana
540 1308 620 1341 illud
642 1310 823 1352 comparari
844 1308 974 1341 solitum
997 1320 1079 1342 esse.
1121 1309 1221 1351 Atqui
1237 1308 1381 1347 Dianae,
1406 1319 1469 1341 non
1487 1320 1621 1352 graecae
1634 1309 1721 1342 illius
1738 1312 1877 1353 quidem,

255 1366 314 1398 sed
343 1364 539 1404 Orientalis‚
578 1365 726 1397 Persicae
754 1376 780 1397 s.
807 1365 999 1397 Armenicae
1030 1366 1242 1399 domesticum
1271 1375 1388 1398 nomen
1421 1367 1536 1402 Τανοιΐς
1558 1377 1585 1397 s.
1611 1356 1758 1403 Ταναῗτις
1778 1367 1879 1399 fuisse

256 1427 402 1460 constat,
434 1422 518 1463 quod
542 1431 614 1453 cum
635 1431 698 1455 mn
720 1422 839 1454 dudum
862 1420 996 1453 contulit
1016 1420 1246 1454 Akerbladius.
1291 1420 1352 1454 Cui
1374 1420 1430 1454 alii
1451 1423 1496 1453 ita
1512 1432 1679 1454 occurrere
1697 1421 1878 1462 voluerunt,

255 1484 291 1510 ut
315 1467 462 1514 Ταναῗτις
492 1478 547 1510 vix
575 1478 608 1508 in
639 1488 703 1509 uno
733 1476 899 1511 duobusve
922 1484 1067 1510 veterum
1090 1479 1282 1519 scriptorum
1302 1477 1383 1509 locis
1405 1479 1509 1519 iisque
1530 1476 1741 1519 probabiliter
1765 1479 1879 1520 depra-

256 1535 339 1566 vatis
361 1534 498 1576 reperiri
519 1533 828 1572 animadverterent,
853 1534 888 1565 in
912 1533 1029 1575 quibus
1045 1532 1178 1575 vulgare
1200 1535 1269 1565 eius
1291 1534 1432 1566 numinis
1453 1543 1570 1564 nomen
1588 1519 1721 1570 Ἀναῗτις
1743 1533 1879 1575 (Strabo

256 1589 320 1629 XI,
343 1593 362 1622 8
391 1591 421 1628 §-
442 1593 474 1621 4.
504 1589 586 1630 XV,
609 1593 630 1622 3
660 1592 687 1629 ς.
711 1592 761 1622 15.
789 1589 875 1621 Plut.
902 1588 1016 1621 Artax.
1040 1592 1092 1621 27.
1121 1589 1258 1621 Pausan.
1284 1591 1316 1628 3,
1342 1592 1382 1620 16
1401 1590 1428 1627 ς.
1445 1591 1476 1620 6.
1500 1588 1661 1631 Agathiae
1685 1588 1762 1624 hist.
1777 1593 1808 1628 2,
1824 1594 1877 1623 24.

257 1645 338 1679 ΡΙίη.
361 1648 414 1685 33,
439 1646 500 1687 24)
527 1646 744 1688 reponendum
767 1647 826 1684 sit,
859 1647 907 1677 ita
929 1645 1083 1677 suadente
1106 1646 1293 1687 neopersico
1316 1644 1457 1676 Veneris
1477 1646 1607 1677 nomine
1628 1647 1755 1691 astaldi,
1779 1653 1879 1692 affl,

257 1711 352 1750 Q
385 1705 436 1746 (v.
459 1705 499 1736 de
522 1704 604 1746 sacy
627 1706 660 1737 in
683 1703 819 1737 Journal
842 1705 898 1737 des
921 1705 1044 1737 Savans
1067 1706 1149 1737 1817
1177 1716 1209 1747 p.
1231 1707 1305 1737 439.
1350 1704 1530 1736 Hamakeri
1558 1704 1694 1736 diatribe
1726 1716 1800 1747 pag.
1823 1706 1879 1748 5):

257 1765 314 1796 sed
341 1765 471 1796 videant
499 1763 552 1803 hi,
582 1774 623 1795 ne
645 1765 814 1795 temeraria
843 1775 938 1796 manu
967 1765 1127 1805 genuinae
1156 1770 1189 1795 et
1217 1765 1408 1806 antiquioris
1437 1763 1560 1794 formae
1581 1764 1719 1805 vestigia
1741 1763 1879 1803 deleant,

259 1831 340 1864 quae
363 1827 395 1851 et
411 1822 445 1852 in
467 1821 695 1852 diversissimis
717 1819 928 1861 scriptoribus
943 1818 1113 1853 multorum
1128 1820 1273 1852 codicum
1288 1821 1478 1852 auctoritate
1494 1820 1604 1850 nititur
1626 1823 1670 1857 (v.
1688 1819 1880 1852 Tzschucke

258 1878 298 1909 ad
321 1877 427 1908 Sti-ab.
448 1875 488 1908 T.
505 1875 554 1907 IV
576 1887 605 1918 p.
621 1876 705 1917 601)
729 1882 761 1907 et
775 1876 808 1907 in
824 1877 941 1907 nostris
957 1876 1219 1919 inscriptionibus
1235 1878 1363 1919 insigne
1379 1876 1574 1918 praesidium
1589 1875 1696 1907 habet.
1734 1876 1879 1909 Potiores

257 1935 343 1965 enim
366 1932 431 1964 loci
452 1933 485 1964 in
509 1931 624 1974 quibus
649 1934 766 1969 Τανα’ί·ς
795 1933 829 1963 in
853 1932 1017 1964 codicibus
1039 1939 1216 1975 comparet,
1251 1932 1286 1964 hi
1308 1939 1392 1964 sunt.
1439 1931 1530 1964 Unus
1553 1939 1602 1964 est
1625 1931 1795 1965 Strabonis
1816 1933 1878 1972 XI,

260 1992 299 2022 13
321 1991 347 2028 ξ.
367 1992 408 2021 16
429 2000 460 2031 p.
478 1991 540 2020 532
564 1987 748 2020 casaub&
770 1986 872 2019 πάντα
898 1989 955 2028 μὲν
984 1984 1038 2020 οἶιν
1065 1987 1105 2020 τὰ
1130 1992 1193 2021 τῶν
1213 1991 1346 2031 Περσῶν
1368 1988 1435 2030 ἱερὰ
1457 1989 1507 2020 καὶ
1529 1989 1640 2029 Μῆδοι
1662 1990 1711 2020 καὶ
1729 1989 1880 2032 Ἀρμένιοι

257 2044 451 2087 τετιμήκασι,
482 2047 522 2077 τὰ
544 2046 578 2077 δὲ
600 2048 655 2086 τῆς
673 2044 707 2076 '4
714 2058 731 2076 ν
741 2045 898 2081 α’ί·τιδος
922 2044 1132 2087 διαφερόντως
1149 2044 1317 2086 Ἀρμένιοι,
1345 2044 1402 2077 ubi
1425 2045 1494 2076 cod.
1519 2043 1607 2077 Med.
1623 2047 1653 2076 3.
1677 2049 1709 2076 4.
1731 2045 1877 2078 Moscov.

263 2101 376 2134 venet.
407 2102 509 2134 Paris.
540 2113 611 2133 cum
633 2102 722 2133 editt.
745 2100 820 2134 Ald.
842 2100 948 2143 Hopp.
970 2108 1002 2133 et
1024 2108 1130 2132 vetere
1152 2103 1326 2144 interprete
1351 2101 1524 2139 Ταναΐδος,
1548 2101 1632 2143 quod
1653 2108 1759 2133 tuetur
1782 2104 1879 2134 etiam

259 2159 346 2190 alter
367 2157 477 2197 locus,
500 2157 662 2189 Eustathii
686 2158 726 2189 ad
749 2156 840 2188 Iliad.
856 2160 905 2193 14,
923 2159 982 2188 295
1007 2168 1037 2199 p.
1054 2160 1135 2200 979,
1158 2157 1214 2189 ubi
1236 2157 1288 2189 hic
1305 2157 1473 2190 Strabonis
1497 2159 1710 2189 narrationem
1732 2165 1879 2201 repetens

258 2215 370 2247 scribit
394 2217 549 2256 Τανιίῒιης
573 2215 702 2255 δαίμων.
751 2213 882 2245 Tertius
914 2214 1026 2255 (quem
1049 2213 1153 2245 solum
1175 2220 1248 2245 ante
1271 2213 1380 2245 oculos
1404 2213 1524 2245 habere
1547 2214 1673 2245 videtur
1694 2214 1734 2246 de
1758 2214 1879 2255 Sacyus

257 2270 279 2303 l.
304 2271 351 2313 c.)
379 2277 428 2302 est
457 2270 634 2302 Clementis
661 2269 892 2308 Alexandrini,
929 2269 1083 2312 Protrept.
1106 2281 1135 2311 p.
1158 2272 1200 2301 43
1224 2269 1330 2310 Sylb.:
1366 2272 1458 2302 τοῦτο
1489 2269 1680 2312 (simulacra
1706 2270 1877 2302 humanam

258 2327 395 2370 figuram
431 2327 622 2366 referentia)
649 2326 848 2367 Ἀρταξέρξου
876 2328 932 2357 τοῦ
961 2326 1098 2368 Δαρείου
1127 2329 1184 2357 τοῦ
1210 2325 1306 2366 Ὠχοῦ
1334 2327 1586 2368 εῗςηγησαμένου,
1625 2326 1660 2363 ὅς
1682 2330 1804 2368 πρῶτος
1825 2329 1879 2367 τῆς

256 2381 503 2426 Ἀφροδίτης
533 2383 734 2419 Ταναΐὸος
762 2381 918 2424 (Buleng.
940 2383 980 2414 ad
999 2381 1177 2413 Arnobium
1201 2393 1230 2424 p.
1252 2385 1312 2414 272
1336 2384 1467 2414 coniicit
1483 2382 1672 2423 Ἀναίτιδος)
1697 2381 1733 2414 td
1757 2382 1878 2423 ἄγαλμα

260 2438 435 2480 ἀναστήσας
456 2440 488 2471 ἓν
504 2441 669 2481 Βαβυλῶνι
691 2439 741 2470 καὶ
761 2437 893 2475 Σούσοις
907 2439 956 2470 καὶ
970 2437 1169 2478 Ἐκβατάνοις
1183 2439 1233 2470 καὶ
1248 2438 1402 2481 Βάκτροις
1417 2440 1466 2470 καὶ
1482 2440 1644 2481 Δαμασκῷ
1663 2439 1712 2470 καὶ
1728 2438 1878 2479 Σάρδεσιν

259 2492 391 2533 ὑπέδειξε
413 2496 528 2536 σέβειν,
558 2496 598 2528 cf.
623 2495 706 2528 Plut.
719 2495 834 2542 Artax.
850 2497 906 2533 27,
928 2494 982 2526 ubi
995 2494 1162 2537 Aspasiam
1179 2502 1285 2527 narrat
1301 2494 1414 2527 lectam
1431 2497 1464 2526 in
1479 2496 1691 2527 sacerdotium
1703 2493 1880 2534 Ἀρτέμιδος

261 2553 316 2590 τῆς
343 2551 375 2583 ἐν
400 2551 614 2592 Ἐκβατάνοις,
649 2551 687 2593 ἣν
711 2551 836 2583 Ἀνεΐτιν
867 2550 924 2591 [al.
950 2550 1101 2591 Ἀναῗτιν]
1133 2554 1270 2583 καλοῦσι.
1318 2550 1462 2588 Quartus
1491 2551 1652 2583 Eustathii
1682 2550 1721 2580 ad
1745 2548 1878 2589 Dionys.

266 2606 420 2649 Periegct.
443 2610 521 2640 846:
561 2608 643 2640 οὕτω
673 2608 709 2640 δέ
736 2618 812 2651 φασι
843 2608 893 2639 καὶ
915 2607 1001 2651 παρὰ
1018 2607 1186 2650 Ἀρμενίοις
1207 2607 1385 2650 παρθένους
1406 2607 1562 2650 ἐπιφανεῖς
1583 2606 1797 2646 ἀνιερωθεῖσαι
1817 2607 1879 2650 θεᾷ

1423 2669 1463 2697 15
1482 2668 1498 2685 *
