2242 2976
437 248 777 284 INSCRIPTIONES
799 246 1094 281 MELITENSES.
1138 246 1196 279 111.
1218 246 1491 280 MELITENSIS
1516 246 1695 279 TERTIA.
1809 250 1880 286 107

381 344 533 377 Ceterum
555 344 660 376 levius
683 350 749 382 est,
779 343 862 385 quod
878 342 1026 384 Koppius
1048 341 1068 373 l.
1086 353 1113 374 c.
1136 353 1165 384 p.
1187 344 1249 374 259
1272 341 1437 380 observat,
1468 340 1562 373 huius
1585 342 1677 373 tituli·
1692 342 1879 383 scripturam

251 405 286 435 in
309 401 455 445 pluribus
477 401 593 433 litteris
624 401 690 443 (w,
716 410 756 443 p,
782 399 826 442 Η)
858 400 1032 440 scripturae
1063 397 1236 429 chaldaeae
1269 397 1408 429 similem
1431 404 1462 429 et
1484 405 1650 440 propterea
1671 399 1881 430 recentiorem

253 469 337 491 esse.
380 458 524 490 Litterae
553 459 640 489 enim
672 467 692 501 p
726 463 758 488 et
787 466 812 489 ω
842 455 889 487 nil
912 454 1065 486 differunt
1086 466 1105 486 a
1127 453 1252 496 vulgari
1276 453 1474 485 Phoenicum
1497 456 1670 497 scriptura,
1702 462 1726 488 Π
1748 454 1883 486 formam

252 515 352 548 habet
379 514 594 557 peculiarem,
632 525 713 557 quae
737 524 808 545 cum
830 513 987 554 scriptura
1009 512 1376 553 aramaeo—aegyptiaca
1406 512 1573 553 congruit,
1614 522 1655 543 ex
1678 521 1742 553 qua
1763 511 1882 542 sensim

255 578 326 603 orta
361 577 410 603 est
446 572 615 614 quadrata:
653 571 710 602 sed
745 570 819 612 quid
851 568 947 600 inde?
993 579 1090 610 quum
1129 568 1226 598 etiam
1256 568 1414 609 scriptura
1442 569 1808 611 murnaco-aegyptiaca
1843 567 1884 598 ad

256 627 516 660 Ptolemaeorum
541 627 678 659 aetate‘m
700 627 869 668 pertineat.

1036 691 1092 723 111.

585 758 1137 793 ‘MELITENSIS
1199 741 1497 792 TERTIA.

388 844 417 872 1.
461 839 525 871 Hic
546 837 657 870 titulus
681 849 746 869 una
768 848 841 869 cum
863 843 1016 880 sequente
1038 836 1112 877 (no.
1135 835 1202 878 lV)
1223 837 1351 868 circiter
1374 847 1458 867 anno
1483 839 1564 868 1820
1594 837 1628 868 in
1651 846 1762 878 campo
1785 847 1884 879 prope

258 898 343 931 Citta
361 896 506 929 Vecchia
519 897 669 927 inventus
685 901 743 925 est.
786 894 905 935 Lapis,
927 894 980 924 cui
1001 894 1172 935 inscriptus
1195 899 1254 932 est,
1279 903 1296 923 e
1313 892 1460 924 molliore
1482 892 1539 924 illo
1553 899 1621 923 erat
1634 891 1751 934 lapidis
1767 903 1886 935 genere

259 954 334 986 huic
366 952 492 984 insulae
522 952 650 994 proprio
679 958 711 982 et
741 957 890 992 quattuor
919 949 986 980 fere
1014 950 1111 990 pedes
1133 949 1193 981 sub
1214 948 1382 991 superficie
1405 948 1583 980 delituerat.
1627 948 1886 980 Delineationem

261 1012 350 1048 eius,
380 1019 558 1051 quanquam
588 1018 653 1038 non
682 1007 760 1047 satis
787 1012 987 1044 accuratam,
1019 1015 1038 1035 a
1068 1004 1225 1036 Franciae
1253 1005 1337 1046 apud
1360 1004 1549 1036 Melitenses
1571 1005 1720 1037 Proxeno
1745 1005 1887 1048 Parisios

261 1068 391 1098 missam
421 1066 486 1096 iam
510 1066 592 1096 1820
613 1073 738 1095 mecum
769 1062 1017 1093 communicavit
1046 1060 1152 1103 steph.
1183 1060 1394 1098 Quatremere
1425 1061 1485 1103 (cf.
1506 1062 1605 1103 praef.
1629 1062 1669 1092 ad
1691 1062 1773 1093 Lex.
1794 1061 1886 1093 hebr.

262 1134 348 1155 man.
379 1134 410 1165 p.
439 1121 522 1163 26),
563 1121 854 1152 communicaverat
887 1119 983 1149 etiam
1022 1129 1094 1149 cum
1125 1116 1331 1156 Hamakero,
1371 1119 1425 1160 qui
1455 1128 1528 1148 eam
1558 1118 1657 1149 edidit
1685 1119 1719 1149 in
1747 1116 1886 1149 Miscell.

263 1179 446 1211 Phoeniciis
474 1177 538 1209 tab.
560 1179 589 1209 3.
634 1175 758 1215 Aliam,
794 1186 874 1217 quae
904 1177 1003 1206 totius
1026 1174 1141 1217 lapidis
1164 1175 1338 1216 imaginem
1360 1181 1578 1216 repraesentat
1610 1181 1642 1205 et
1667 1175 1788 1206 maiore
1812 1184 1889 1205 cura

264 1235 412 1267 confecta
432 1235 583 1273 videtur‚·
599 1234 684 1264 circa
705 1243 823 1263 annum
849 1235 930 1263 1828
953 1231 1036 1263 Miss
1057 1231 1084 1263 F
1086 1230 1181 1262 orbes
1202 1231 1236 1261 in
1259 1230 1374 1262 Museo
1398 1230 1567 1262 Societatis
1581 1229 1744 1262 Asiaticae
1766 1230 1890 1261 Londi-

266 1293 375 1323 nensis
403 1291 567 1332 deposuit,
604 1290 713 1320 addita
745 1287 958 1330 explicatione
989 1287 1028 1319 ab
1058 1286 1130 1319 Alb.
1162 1287 1202 1319 de
1230 1286 1398 1319 Marmara
1429 1293 1560 1318 tentata.
1610 1285 1755 1318 Tertiam
1784 1287 1824 1317 ad
1855 1296 1890 1317 se

264 1349 396 1380 missam
426 1352 581 1378 memorat
609 1344 660 1376 Cl.
683 1343 921 1386 Michelangelo
950 1344 1052 1375 Lanci
1082 1345 1117 1374 in
1146 1342 1230 1374 libro
1257 1343 1297 1374 de
1325 1342 1431 1384 lapide
1461 1342 1760 1385 Carpentoractensi
1781 1353 1812 1384 p.
1836 1344 1888 1380 63,

266 1406 397 1446 eiusque
428 1404 591 1444 specimen
620 1412 691 1432 cum
721 1399 890 1441 alphabeto
925 1400 1000 1431 inde
1039 1400 1214 1441 composito
1252 1399 1340 1431 dedit
1368 1400 1402 1429 in
1438 1398 1563 1436 tabula,
1600 1409 1682 1440 quae
1711 1408 1729 1428 e
1757 1399 1890 1440 regione

264 1460 484 1501 inscriptionis
512 1459 618 1500 posita
646 1464 702 1488 est.
747 1456 855 1494 Quum
882 1458 966 1487 inter
996 1456 1075 1487 duas
1104 1457 1228 1497 priores
1259 1454 1490 1487 delineationes
1520 1454 1669 1487 nonnihil
1697 1455 1891 1486 discriminis

265 1506 459 1553 intercedat}
501 1515 664 1556 ipsiusque
687 1519 792 1544 autem
814 1512 929 1554 lapidis
952 1519 1100 1554 ectypum
1122 1512 1266 1542 nancisci
1296 1510 1390 1542 nobis
1417 1522 1481 1542 non
1505 1512 1693 1554 contigerit,
1726 1516 1891 1552 utramque

267 1573 414 1604 dedimus
436 1572 470 1602 in
493 1569 602 1601 tabula
625 1575 752 1607 nostra,
782 1569 1022 1624 Lopdinensem
1044 1567 1107 1598 litt.
1130 1578 1166 1605 a,
1202 1567 1418 1598 parisiensem
1440 1566 1499 1598 litt.
1522 1567 1564 1615 b.-

394 1631 424 1659 2.
469 1626 766 1668 Interpretationem
783 1625 877 1656 huius
893 1623 977 1656 tituli
992 1623 1112 1666 publici
1124 1624 1203 1654 iuris
1218 1623 1293 1654 fecit
1316 1634 1398 1654 unus
1413 1623 1444 1664 *)
1468 1623 1675 1655 Hamakerus
1694 1624 1728 1654 in
1752 1622 1890 1654 Miscell.

270 1677 449 1728 phoeniciis
472 1695 502 1725 p.
517 1686 558 1714 38
575 1693 643 1724 sqq.
667 1682 722 1713 sed
739 1692 852 1724 parum
875 1681 963 1712 felici
985 1691 1134 1712 successu
1156 1690 1232 1711 usus
1256 1685 1324 1718 est,
1348 1690 1418 1711 eam
1442 1681 1582 1711 maxime
1605 1680 1646 1711 ob
1665 1690 1792 1711 causam
1809 1679 1892 1721 quod

270 1743 303 1773 in
326 1738 490 1772 nonnullis
512 1738 627 1770 litteris
650 1737 840 1770 definiendis
863 1749 881 1768 a
905 1748 981 1768 vero
1005 1736 1175 1768 aberravit.
1221 1735 1253 1767 Is
1275 1737 1359 1767 enim
1382 1737 1428 1767 ita
1450 1735 1544 1778 legit:

1057 1792 1133 1838 ⁸⁷2*ss
1158 1799 1222 1838 ²²33

896 1849 1030 1892 (12’2052)
1061 1849 1138 1896 75.ξὲ
1163 1849 1222 1890 5333.

1072 1906 1113 1946 ἓξ
1136 1905 1226 1952 Πῦξὲ

1023 1971 1075 1994 -Ν
1100 1969 1162 2005 ’ρετ-ι
1184 1962 1223 1995 bv

996 2028 1059 2050 a*
1089 2027 1164 2053 *iius
1188 2025 1222 2062 3³

1077 2083 1157 2119 ῑῆιπ
1182 2075 1224 2109 bn

733 2130 845 2162 Posuit
867 2129 994 2169 Nolela,

736 2187 883 2218 dominus
907 2186 1105 2219 Elalensium
1126 2187 1199 2229 (vel
1218 2186 1476 2228 Allonensium),

737 2244 887 2285 expiandi
911 2254 1006 2274 causa
1028 2243 1090 2274 Ba-

735 2299 778 2330 ali
803 2299 982 2331 columnam
1005 2299 1085 2342 lapi-

737 2357 847 2395 deam,
879 2357 1029 2398 quoniam
1052 2358 1147 2388 incir-

738 2414 896 2446 cumcisus
919 2419 987 2443 erat
1009 2423 1165 2444 sermone.

331 2515 356 2548 *)
391 2517 494 2544 Alberti
526 2519 560 2544 de
587 2517 725 2544 Marmara
751 2514 998 2548 interpretationem
1024 2515 1052 2541 in
1122 2524 1174 2549 qne
1192 2523 1246 2541 uon
1265 2515 1348 2550 magis
1370 2523 1448 2548 quam
1467 2514 1689 2539 Hamakerianam
1711 2513 1819 2538 laudare
1835 2519 1896 2545 pos-

283 2562 509 2592 MuseoAsiatico
521 2565 687 2592 Londineusi
701 2566 785 2598 palam
797 2563 958 2597 expositam,
975 2572 1053 2598 quam
1123 2573 1196 2605 seni,
1223 2563 1310 2589 sciens
1328 2567 1480 2596 praetereo.

283 2610 342 2637 sine
358 2613 474 2640 auctoris
489 2614 569 2640 venia
584 2615 666 2641 edere
681 2613 746 2640 mihi
761 2612 809 2639 vix
821 2611 949 2643 licuisset,
962 2621 1054 2645 quam-

1436 2664 1475 2691 14
1498 2660 1518 2680 ’ἦ
