2242 2976
478 266 539 299 DE
561 265 768 299 LITTERIS
792 264 1054 298 PHOENICIIS.
1097 268 1126 305 ς.
1149 268 1203 298 23.
1231 265 1386 298 LAMED
1409 265 1615 298 LITTERA.
1810 269 1860 306 33

557 362 568 377 “
776 360 846 506 f
951 360 989 461 ἢ
1090 359 1134 458 Ϋ
1159 361 1368 505 J)
1428 361 1462 502 *f
1552 359 1582 375 ·“

232 521 322 563 (non.
345 531 375 552 v.
391 380 646 554 Athalecit.
666 523 687 552 2
708 518 766 552 lin.
789 523 810 552 2
831 520 865 552 in
888 525 998 557 amun,
1020 518 1099 557 &5:2,
1122 521 1154 551 3.
1176 521 1207 551 7.
1232 521 1280 551 18.
1303 517 1397 551 Cilic.
1421 518 1458 553 C.
1477 520 1520 553 D.
1543 402 1583 552 Ξ.
1617 519 1685 552 dec.
1705 520 1740 550 in
1762 529 1860 551 numo

231 577 310 610 Ace.
342 577 457 610 undec.
480 577 598 609 Athen.
622 580 638 609 1
664 578 696 608 in
721 584 801 613 Ὃκ
831 575 963 607 duodec.
993 574 1099 617 Tugg.
1127 573 1186 606 lin.
1222 578 1250 607 1.
1280 577 1310 607 3.
1340 579 1372 606 4.
1403 578 1432 608 5.
1464 579 1495 608 6.
1527 579 1557 610 7.
1588 576 1654 608 dec.
1676 580 1753 608 tert.
1775 587 1860 608 num.

232 634 327 673 Ace„
361 633 481 666 Malao.
515 632 552 666 C.
588 634 654 666 dec.
682 636 789 676 quart.
818 630 914 663 Num.
938 633 975 670 1,
1007 633 1038 662 1.
1071 633 1100 662 2.
1135 633 1171 669 2,
1195 634 1222 663 1.
1244 633 1275 663 3.
1298 634 1337 670 3,
1363 634 1392 663 1.
1415 635 1444 663 2.
1476 642 1563 665 num.
1586 632 1689 666 Jubae
1711 634 1860 672 senioris,

232 689 351 722 Malae.
375 689 414 722 A.
437 690 476 724 B.
498 690 540 722 D.
562 690 599 722 E.
622 689 662 721 G.
686 689 756 721 dec.
779 691 881 731 quint.
905 698 985 730 quae
1007 685 1072 717 alio
1094 685 1170 727 styli
1194 687 1288 718 ductu
1311 687 1449 719 formata
1470 695 1518 720 est
1540 687 1671 721 Numid.
1695 693 1734 728 2,
1757 693 1795 729 2,
1819 689 1860 721 cf.

234 747 295 780 Cit.
311 751 372 787 24,
397 751 417 779 2
439 746 506 785 bis3
535 747 603 779 dec.
623 750 711 778 sext.
733 744 823 787 Trip.
844 741 961 792 2,¹lin.
983 745 1014 774 3.
1037 741 1083 785 4).
1126 741 1277 786 Optimae
1299 745 1414 776 aetatis
1436 751 1486 776 est
1507 744 1589 777 haec
1609 756 1733 788 quoque
1755 745 1861 789 figura

962 799 990 813 ι.
1127 798 1139 814 ⁸

947 826 1003 935 7'
1104 824 1149 936 i
1235 838 1257 862 ⁴

234 956 318 994 (dec.
343 960 426 999 sept.
449 955 510 988 Cit.
531 960 552 988 2
574 967 602 987 ε.
624 954 735 987 Oxou.
757 953 815 987 lin.
840 957 855 986 1
880 955 914 986 in
936 963 1013 1000 72⁸,
1042 956 1100 990 lin.
1123 959 1142 989 3
1173 955 1207 985 in
1237 955 1379 997 ’βυ-ττι».
1409 953 1472 986 Cit.
1496 957 1535 987 15
1557 954 1614 987 lin.
1636 960 1659 988 4
1679 954 1741 988 bis.
1771 955 1861 989 Cilic.

231 1011 274 1044 A.
296 1010 335 1044 Β.
356 1011 383 1046 I.
404 1013 440 1045 P.
470 1013 572 1045 Laod.
602 1012 672 1044 dec.
692 1016 755 1043 oct.
777 1011 886 1044 Carth.
911 1013 963 1056 8):
998 1013 1056 1045 sed
1084 1011 1247 1044 inferioris
1276 1012 1388 1043 aetatis
1411 1017 1443 1042 et
1465 1010 1655 1044 Numidicae
1686 1014 1863 1056 scripturae

233 1069 380 1112 propriae
409 1076 484 1114 sunt
511 1069 573 1100 hae
600 1078 694 1111 quam
722 1067 997 1111 negligentissime
1020 1074 1193 1108 exaratae,
1228 1078 1409 1111 quanquam
1431 1060 1660 1108 ex‘formulis,
1690 1070 1724 1101 in
1748 1069 1863 1112 quibus

235 1132 406 1158 occurrunt
427 1125 471 1168 (ξ.
495 1127 554 1165 35,
576 1125 627 1167 2),
650 1131 757 1157 certae
779 1126 979 1158 auctoritatis

1034 1179 1064 1195 ι.

234 1334 323 1375 (non.
345 1334 415 1367 dec.
438 1334 563 1378 Tripol.
584 1339 613 1368 1.
635 1334 768 1369 Numid.
790 1341 822 1375 2,
847 1341 875 1369 1.
900 1342 932 1380 3,
953 1343 984 1374 1.
1005 1344 1038 1379 4,
1064 1343 1080 1371 1
1105 1340 1139 1371 in
1165 1345 1244 1382 γε»,
1267 1341 1307 1376 4,
1330 1340 1350 1369 2
1373 1337 1406 1368 in
1429 1343 1518 1375 ηπ,
1542 1336 1698 1375 bwnmn,
1722 1335 1820 1369 Num.
1844 1339 1873 1384 5,

231 1391 266 1422 iu
289 1399 379 1430 17:72,
402 1402 492 1424 num.
513 1391 616 1424 Jubae
638 1403 707 1426 sen.
731 1395 765 1425 in
787 1395 905 1437 nzbn).

361 1446 532 1480 Caeterum
562 1448 602 1480 de
631 1448 693 1481 hac
719 1449 827 1482 littera
854 1450 936 1483 nihil
963 1451 1032 1484 fere
1057 1450 1147 1483 dubii
1183 1457 1232 1483 est
1268 1449 1352 1492 apud
1386 1448 1547 1481 eruditos:
1586 1450 1727 1481 tironum
1757 1455 1863 1482 autem

235 1509 267 1535 et
286 1504 392 1536 minus
414 1505 589 1546 peritorum
611 1513 742 1547 peccata
765 1506 812 1538 nil
833 1518 951 1540 moror.

408 1579 591 1623 „Vulgaris
614 1580 810 1614 Graecorum
831 1582 936 1626 figura
977 1581 1004 1623 >1
1033 1583 1131 1625 petita
1153 1589 1202 1614 εει
1223 1593 1243 1614 a
1261 1580 1338 1624 figg.
1363 1580 1617 1624 phoeniciisno.
1640 1583 1668 1613 5.
1693 1584 1723 1612 6.
1749 1583 1779 1614 7.

409 1635 525 1676 „Cum
551 1636 629 1680 figg.
659 1650 710 1671 no.
731 1641 763 1671 9.
789 1642 828 1671 10
854 1641 1001 1682 congruit
1023 1638 1111 1681 Caph
1136 1640 1313 1682 scripturae
1336 1639 1454 1670 veteris
1476 1648 1644 1670 aramaeae
1668 1639 1701 1669 in
1725 1636 1865 1680 Carpen-

323 1696 528 1732 „toractensi
550 1702 778 1735 monumento,
803 1702 835 1726 ct
856 1694 1084 1737 Palmyrenum
1107 1705 1160 1730 no.
1186 1697 1249 1727 1.“

409 1750 476 1788 „In
499 1751 654 1792 scriptura
677 1758 783 1783 vetere
806 1751 963 1790 hebraea,
987 1753 1019 1783 in
1043 1752 1254 1790 samaritana,
1284 1752 1318 1783 in
1342 1758 1450 1783 vetere
1468 1762 1617 1783 aramaea
1639 1749 1810 1794 (Blacass.)
1834 1757 1867 1782 et

324 1806 384 1844 „in
409 1805 567 1848 plerisque
590 1806 789 1849 Palmyrenis
812 1807 887 1850 (fig.
910 1809 1028 1850 2—5)
1056 1815 1151 1851 caput
1172 1809 1347 1851 maximam
1367 1814 1489 1851 partem
1511 1809 1624 1850 periit,
1651 1808 1737 1840 utin
1760 1806 1866 1838 Phoe-

322 1863 448 1901 „niciis
472 1873 524 1895 n0.
547 1865 587 1894 16
610 1874 677 1907 sqq.
720 1863 841 1906 Scapus
871 1866 986 1906 partim
1015 1865 1235 1897 sinistrorsum
1260 1864 1365 1897 flexus
1387 1871 1456 1905 est,
1486 1866 1602 1908 partim
1633 1866 1678 1906 (in
1701 1862 1864 1905 finalibus)

321 1917 480 1960 „longius
502 1919 651 1952 deorsum
670 1927 850 1962 protensus.

994 2000 1102 2037 §.23.

789 2064 1006 2098 Lamed
1046 2067 1298 2099 littera.

364 2131 492 2162 Lamed
514 2131 588 2178 (Ἓξ
610 2132 632 2163 i.
656 2141 686 2173 q.
710 2132 798 2178 '²⁷3⁷’AE
819 2132 893 2165 Jud.
916 2135 953 2171 3,
976 2133 1030 2175 31)
1053 2133 1241 2178 βούκεντρον
1263 2134 1441 2178 significat,
1473 2134 1556 2176 quod
1579 2133 1662 2165 bene
1683 2133 1866 2175 depingitur

238 2188 345 2219 nativa
368 2194 399 2219 et
421 2186 565 2230 legitima
588 2199 688 2231 eaque
710 2190 850 2220 maxime
874 2188 999 2231 vulgari
1023 2189 1118 2222 huius
1142 2190 1268 2224 litterae
1291 2192 1413 2230 forma,
1438 2202 1518 2233 quae
1541 2191 1622 2223 haec
1645 2199 1708 2225 est:

959 2244 1143 2374 {A

237 2390 330 2426 atque
353 2384 386 2415 id
409 2383 506 2416 habet
535 2385 598 2417 sibi
621 2386 762 2428 proprii,
793 2386 878 2429 quod
898 2390 1044 2430 superior
1066 2399 1182 2433 scapus
1210 2399 1234 2420 ε.
1262 2387 1368 2419 femur
1388 2387 1542 2419 inferiore
1563 2398 1589 2420 s.
1614 2389 1738 2429 crure’)
1766 2387 1864 2419 multo

238 2438 365 2483 longior
387 2453 483 2483 supra
505 2441 623 2474 lineam
649 2441 851 2485 reliquasque
874 2442 995 2476 litteras
1019 2447 1154 2486 eminet,
1184 2457 1214 2479 v.
1246 2443 1351 2477 Melit.
1377 2447 1414 2482 1,
1442 2448 1455 2475 1
1482 2445 1619 2486 (quater)
1642 2449 1671 2476 4.
1693 2443 1811 2476 Athen.
1835 2446 1864 2480 1,

240 2498 269 2526 1.
293 2499 332 2535 2,
356 2500 384 2528 1.
408 2497 517 2533 oxon.
538 2497 594 2530 lin.
618 2503 648 2533 2.
672 2497 784 2534 Carth.
810 2503 847 2538 1,
873 2504 901 2532 1.
926 2504 955 2533 2.
978 2505 1067 2540 2,1.
1092 2506 1122 2535 2.
1146 2505 1176 2542 3,
1205 2506 1233 2536 1,
1258 2505 1287 2533 2.
1312 2504 1342 2533 5.
1368 2504 1397 2541 5,
1422 2504 1450 2532 1.
1476 2504 1505 2531 2.
1530 2503 1559 2531 3.
1585 2503 1614 2538 8,
1642 2504 1668 2531 1.
1696 2498 1820 2549 Tripol.
1836 2502 1863 2529 1.

290 2599 318 2630 ⁸)
336 2599 505 2633 Superiorem
524 2602 602 2627 huius
619 2602 724 2629 litterae
741 2607 843 2636 partem
859 2603 944 2635 semm-
965 2603 1219 2637 (Oberschenkel)‚
1251 2603 1408 2630 inferiorem
1427 2613 1497 2635 crus,
1523 2602 1636 2627 mediam
1655 2610 1676 2627 s.
1699 2604 1866 2627 curvaturam

237 2656 300 2678 genu
319 2648 452 2680 appellare
470 2640 557 2675 licea't.
