2242 2976
623 277 684 310 m:
707 276 958 311 scmrTURA
984 275 1202 310 ARAMAEA
1224 274 1524 309 ΑΕΕΥΡΤΙΑΟΑ.
1843 279 1892 315 59

266 375 343 405 tiam
367 381 500 412 tenens,
535 374 570 405 in
589 383 629 404 eo
651 382 756 404 tamen
781 373 919 411 erravit,
950 372 1036 414 qnod
1059 370 1182 403 litteras
1203 380 1218 406 τ
1240 376 1273 403 et
1294 380 1308 398 s
1339 371 1374 402 in
1396 370 1579 403 Phoeniciis
1602 380 1740 413 unquam
1763 369 1893 404 vocales

265 440 337 461 esse
370 440 493 472 negans
523 429 551 470 ”)
584 435 752 472 propterea
785 429 975 472 scripturam
1011 426 1225 470 phoeniciam<
1246 425 1458 468 syllabas-ium
1486 437 1558 459 esse
1587 426 1774 466 affirmavit,
1811 438 1892 470 quae

265 485 441 528 appellatio
462 485 538 517 huic
558 487 736 528 scripturae
758 484 854 528 plane
874 485 983 527 inepta
1003 491 1072 516 est:
1103 493 1283 527 quanquam
1305 494 1370 516 non
1392 484 1475 515 dixit
1495 482 1720 525 Tychsenius,
1754 484 1839 526 quod
1861 485 1892 516 ei

265 541 378 574 tribuit
398 543 620 581 adversarius,
651 552 764 574 omnes
786 548 818 573 et
838 539 983 583 singulas
1003 539 1127 572 litteras
1148 541 1216 572 veri
1239 541 1379 572 nominis
1391 538 1533 580 syllabas
1552 540 1662 572 fuisse.
1705 540 1772 573 Sed
1788 541 1890 583 magis

266 599 364 630 etiam
393 600 536 640 peccavit
566 598 736 641 Koppius,
773 598 828 640 qui
849 598 1070 629 adversarium
1101 596 1304 628 subsannans
1333 596 1374 627 ad
1404 606 1477 627 eum
1505 596 1707 629 refutandum
1735 607 1890 639 suamque

265 656 458 687 sententiam
473 656 623 687 tuendam
637 654 714 686 talia
727 653 850 696 profert
863 653 1022 696 exempla,
1039 664 1120 697 quae
1135 663 1175 685 ne
1190 653 1432 696 tironi'quidem
1444 640 1606 695 ignoscas,
1630 653 1731 686 veluti
1744 654 1886 696 7552592,

267 712 407 751 vanem,
428 720 520 746 :vt-mn
543 712 586 754 *Ἴ
600 735 609 751 ,
646 721 689 743 ex
718 710 835 753 quibus
856 717 1008 753 appareat
1026 716 1154 742 veteres
1177 709 1355 742 Phoenices
1377 707 1493 741 litteris
1514 707 1681 741 vocalibus
1703 721 1781 743 usos
1805 719 1889 742 esse.

266 767 396 800 Scilicet
421 767 494 800 talis
518 775 588 800 erat
610 767 691 800 Ain!

1021 852 1051 890 §-
1081 854 1133 883 41.

371 921 426 952 .A
454 918 568 953 dextra
595 919 636 952 ad
663 920 827 952 sinistram
856 918 1030 962 procedere
1058 919 1251 962 scripturam
1279 917 1505 958 Phoenicium,
1542 918 1576 950 id
1609 924 1719 960 utpote
1753 929 1821 950 rem
1855 919 1889 950 in

267 976 383 1020 vulgus
414 983 524 1009 notam
554 987 597 1008 ne
624 986 853 1008 memorassem
881 975 1028 1018 quidem,
1062 975 1127 1008 nisi
1156 975 1253 1007 unius
1281 973 1447 1006 cuiusdam
1475 975 1677 1016 exceptionis
1713 984 1733 1007 a
1761 973 1891 1017 Koppio

265 1034 329 1065 iam
359 1033 602 1065 animadversae
632 1032 769 1074 (Bilder
789 1030 858 1063 und
878 1029 1054 1070 Schriften
1073 1029 1125 1072 11,
1148 1030 1230 1072 193)
1259 1031 1381 1062 mentio
1409 1030 1584 1062 iniicienda
1613 1037 1707 1062 esset.
1759 1030 1796 1063 In
1827 1042 1891 1064 uno

267 1088 415 1121 videlicet
445 1087 593 1131 exemplo
622 1098 792 1120 numerum
813 1086 1079 1120 Heracleensium
1099 1087 1212 1119 eadem
1234 1085 1291 1119 illa
1313 1086 1506 1131 epigraphe,
1541 1096 1624 1130 quae
1645 1088 1680 1118 in
1702 1085 1892 1130 vulgaribus

266 1144 423 1189 exemplis
444 1144 540 1178 solito
564 1145 660 1178 modo
683 1155 702 1176 a
723 1144 838 1177 dextra
860 1143 901 1176 ad
922 1145 1085 1177 sinistram
1107 1144 1309 1187 progreditur
1342 1146 1395 1185 (v.
1418 1154 1532 1176 numos
1554 1141 1686 1176 Heracl.
1708 1142 1771 1175 litt.
1791 1142 1831 1176 A.
1851 1142 1889 1176 B.

267 1200 335 1243 C),
367 1203 414 1234 ita
435 1212 591 1245 expressa
610 1201 788 1245 reperitur,
819 1207 856 1232 ut
878 1199 1004 1233 litterae
1026 1211 1116 1234 more
1139 1199 1336 1233 Graecorum
1353 1210 1373 1231 a
1387 1200 1519 1232 sinistra
1534 1200 1576 1232 ad
1589 1199 1735 1233 dextram
1750 1206 1891 1240 currant,

266 1257 472 1301 singulaeque
500 1259 649 1290 inversae
679 1258 743 1289 sint
774 1256 856 1300 (litt.
883 1255 948 1299 C),
986 1263 1021 1289 ut
1056 1256 1164 1289 solent
1200 1257 1287 1300 apud
1316 1255 1459 1289 Graecos
1488 1267 1560 1288 esse
1587 1257 1622 1288 in
1651 1257 1693 1288 iis
1723 1255 1890 1289 titulorum

266 1314 507 1357 βουστροφηδὸν
529 1316 721 1356 scriptorum
744 1313 910 1352 versibus,
942 1314 996 1356 qui
1017 1312 1208 1346 occidentali
1227 1323 1317 1345 more
1337 1314 1449 1355 scripti
1469 1318 1554 1345 sunt.
1599 1312 1768 1350 Quendam
1783 1313 1891 1355 graeci

266 1372 366 1402 moris
388 1371 600 1402 imitationem
622 1381 661 1401 ea
683 1371 717 1401 in
739 1380 774 1400 re
798 1369 1012 1412 quaerendam
1035 1380 1126 1409 esse,
1165 1369 1247 1401 nulli
1270 1369 1471 1401 dubitamus:
1504 1376 1536 1400 et
1565 1368 1629 1400 alia
1658 1369 1754 1399 etiam
1781 1370 1891 1410 singu-

266 1426 369 1458 larum
390 1425 569 1458 litterarum
591 1437 708 1469 graeco
732 1436 821 1457 more
844 1426 1045 1457 inversarum
1066 1425 1216 1468 exempla
1245 1432 1375 1457 exstare
1406 1425 1492 1457 infra
1519 1425 1706 1457 docebimus
1736 1424 1811 1467 (lib.
1833 1424 1890 1463 III,

266 1483 306 1514 ad
329 1493 462 1515 numum
484 1482 633 1515 Panorm.
653 1481 698 1523 1).
741 1481 835 1514 Adde
858 1480 965 1524 Aleph
986 1480 1112 1514 litterae
1134 1481 1256 1525 figuras
1278 1483 1425 1516 inversas
1446 1482 1481 1513 in
1501 1481 1598 1523 Eryo.
1619 1480 1676 1514 lin.
1701 1484 1730 1514 1.
1755 1485 1789 1513 4.
1814 1484 1844 1513 7.

738 1722 987 1756 CAPUT
1043 1721 1419 1760 QUARTUM.

479 1801 556 1838 DE
591 1799 928 1837 SCRIPTURA
959 1798 1252 1837 ARAMAEA
1286 1788 1679 1837 AEGYPTIACA

1606 1870 1620 1887 Ι

1023 1900 1051 1938 §-
1081 1901 1134 1930 42.

395 1966 560 2000 Peculiare
592 1966 749 2009 quoddam
778 1964 957 1998 litterarum
986 1977 1107 2009 genus,
1142 1965 1323 2009 phoeniciis
1349 1964 1464 1998 litteris
1492 1965 1617 2005 simile,
1651 1977 1754 2011 neque
1782 1974 1888 2000 tamen

270 2032 354 2056 recte
388 2025 422 2055 in
459 2023 573 2055 harum
606 2033 741 2055 numero
772 2021 935 2061 habitum,
969 2023 1003 2054 in
1033 2023 1074 2055 iis
1102 2023 1319 2054 monumentis
1348 2028 1529 2065 comparet,
1566 2033 1647 2065 quae
1679 2024 1713 2055 in
1742 2022 1889 2067 Aegypto

269 2087 394 2123 reperta
423 2086 515 2118 sunt,
551 2090 708 2111 aramaea
736 2078 848 2121 lingua
879 2079 1061 2121 inscriptis,
1099 2078 1185 2110 velut
1212 2080 1245 2110 in
1276 2078 1380 2121 lapide
1415 2077 1716 2121 carpentoractensi
1751 2087 1783 2112 et
1815 2080 1890 2112 huic

268 2135 368 2168 simili
390 2135 591 2179 Rogersiano
603 2158 613 2175 ,
637 2137 669 2167 in
693 2146 814 2178 papyro
836 2134 1031 2167 Taurinensi
1046 2142 1078 2167 et
1094 2136 1127 2167 in
1145 2135 1333 2178 fragmentis
1348 2134 1563 2167 Blacassianis
1587 2136 1636 2178 (v.
1651 2135 1708 2168 lib.
1723 2136 1766 2176 11,
1783 2148 1835 2170 no.
1850 2140 1886 2169 71

267 2194 398 2234 -75),
430 2203 471 2224 ne
493 2190 558 2224 alia
580 2193 713 2224 minoris
736 2193 888 2223 momenti
910 2191 1088 2235 fragmenta
1109 2202 1284 2234 papyracea
1306 2202 1499 2231 memorem,
1528 2192 1567 2224 de
1589 2192 1704 2235 quibus
1726 2193 1811 2225 infra
1830 2194 1889 2234 (ad

266 2247 309 2287 ΙΙ,
333 2250 395 2290 75)
433 2248 572 2280 breviter
601 2249 720 2280 dictum
748 2255 807 2279 est.
868 2246 1013 2285 Quorum
1049 2248 1177 2291 quidem
1204 2255 1483 2280 monumentorum
1513 2250 1655 2281 maxima
1682 2261 1757 2292 pars
1787 2260 1888 2291 nuper

267 2305 394 2337 demum
425 2312 457 2336 et
487 2312 598 2337 nostra
629 2305 785 2336 memoria
811 2305 845 2336 in
874 2303 978 2336 lucem
1005 2311 1165 2347 protracta
1186 2311 1250 2336 est:
1273 2302 1357 2346 lapis
1380 2315 1457 2336 vero
1480 2303 1800 2348 Carpentoractensis
1822 2307 1885 2337 iam

319 2447 347 2482 ⁸)
363 2449 424 2483 Ipse
437 2449 610 2483 Tyohneniuu
623 2452 716 2482 postea
728 2447 757 2474 in
768 2448 880 2482 epistola
894 2447 926 2473 ad
939 2449 1042 2473 Rosen-
1111 2457 1201 2481 mare,
1226 2449 1275 2475 sed
1296 2456 1351 2475 non
1377 2453 1434 2475 erat
1459 2450 1583 2483 profecto
1606 2451 1679 2483 qnod
1703 2450 1746 2476 vir
1769 2435 1886 2475 orientu-

269 2498 426 2524 muellerum
438 2497 473 2531 (p.
485 2497 547 2530 279)
563 2496 740 2531 exceptiones
753 2496 844 2522 statuit
861 2504 934 2529 ³272
946 2519 955 2534 ‚
979 2504 1040 2534 *on-u,
1111 2497 1176 2523 lium
1197 2497 1347 2532 linguarum
1364 2498 1540 2531 peritissimus
1560 2499 1594 2524 ad
1620 2499 1750 2533 collegam
1767 2497 1885 2523 scribens

269 2556 327 2580 vm
338 2566 346 2580 ,
379 2556 478 2582 easque
508 2548 541 2573 ad
570 2556 664 2574 causas
693 2556 754 2573 suas
784 2555 915 2574 revocare
945 2548 1042 2574 studet.
1113 2545 1177 2572 huic
1195 2545 1257 2571 talia
1276 2545 1434 2579 explicaret.

271 2598 376 2624 Poterat
401 2599 468 2625 haec
489 2598 570 2625 facile
597 2607 635 2625 ex
658 2598 766 2634 linguae
785 2598 907 2625 arabicae
925 2598 973 2632 (in
991 2607 1044 2633 qua
1165 2594 1206 2628 **)
1230 2598 1261 2623 In
1282 2598 1333 2622 hac
1356 2597 1463 2631 quidem
1479 2596 1623 2631 epigraphe
1642 2605 1661 2628 ῃ
1685 2597 1717 2621 sd
1737 2603 1808 2628 nv:
1830 2603 1885 2621 non

268 2646 322 2671 Jod
340 2646 369 2671 in
384 2645 437 2671 illis
456 2648 588 2680 exemplis
605 2648 704 2674 mobile
722 2646 783 2680 eet)
803 2647 925 2683 analogia
946 2647 1043 2673 confir·
1112 2643 1262 2682 pertinere,
1287 2647 1357 2673 infra
1375 2647 1543 2679 videbimus,
1561 2647 1608 2672 lib.
1623 2647 1675 2678 111,
1695 2653 1740 2672 no.
1759 2648 1783 2672 5.

1444 2696 1507 2727 8*
