2242 2976
385 262 452 295 XX
981 259 1411 294 PRAEFATIO.

389 355 645 400 considerent,
672 365 749 391 non
767 354 888 390 solum
905 354 1079 403 pleraque
1094 362 1342 393 monumenta
1357 357 1437 393 sine
1453 356 1530 393 ulla
1545 357 1748 395 verborum
1769 358 2009 398 distmctione

389 421 618 467 vocibusque
650 420 690 455 in
722 419 903 455 extremis
929 419 1099 456 versibus
1124 431 1192 468 pro
1216 420 1336 458 lubitu
1363 422 1489 458 fractis
1522 421 1693 473 (lib.1§.
1714 425 1775 468 38,
1801 425 2009 475 unser—iperi

388 498 486 529 esse,
529 484 640 533 quale
681 482 868 519 scribendi
908 494 1024 531 genus
1067 483 1162 521 adeo
1202 486 1244 522 in
1281 487 1419 523 nostris
1458 486 1594 534 linguis
1633 487 1771 535 legenti
1816 490 2007 537 negotium

387 553 546 588 facessat
571 550 639 595 2¹),
678 546 745 583 sed
778 547 911 584 eadem
947 549 1075 585 omnia
1110 548 1173 595 (id
1207 550 1309 599 quod
1332 550 1588 589 difficultatem
1615 557 1843 602 magnopere
1867 556 2007 602 auget)

386 617 502 653 etiam
534 612 717 651 matribus
755 623 848 660 quas
882 612 1013 650 dicunt
1038 613 1208 651 lectionis
1234 626 1388 664 prorsus
1413 627 1539 654 carere
1571 616 1660 663 (lib.
1684 617 1705 654 I
1726 616 1759 666 ξ.
1783 619 1874 667 4o):
1907 619 2007 656 solo—

385 691 544 728 rumque
571 676 784 714 Cuticorum
809 685 1163 724 monumentorum,
1189 681 1331 729 quippe
1357 692 1453 730 quae
1478 682 1628 730 punctis
1645 681 1843 720 discritieis
1857 694 2006 732 quoque

385 746 564 782 destituta
598 754 678 779 esse
705 742 868 787 soleant,
907 743 1168 792 interpretatio
1196 745 1353 782 fortasse
1384 746 1468 794 plus
1501 747 1616 783 etiam
1650 748 1790 795 negotii
1819 747 2005 785 habuerit.

382 810 467 847 Non
484 809 597 856 igitur
610 813 667 844 est
685 806 787 855 quod
802 808 1002 853 miremur,
1029 815 1111 846 tum
1127 809 1352 859 epigraphas
1368 821 1448 846 esse
1459 836 1470 855 ,
1496 802 1654 860 quarum
1671 811 1782 848 lectio
1797 811 1887 849 satis
1903 819 2006 850 certa

382 874 519 911 dubiae
534 879 664 909 tamen
688 873 1008 924 interpretationis
1030 874 1079 910 sit
1095 875 1164 925 3²),
1191 881 1272 911 tum
1290 876 1392 912 viros
1419 874 1569 920 doctos,
1611 876 1731 912 veluti
1753 876 2004 922 Swintonem

381 940 443 988 qui
461 940 502 975 in
517 936 676 986 legendo
691 936 841 985 quidem
862 948 984 985 neque
1003 937 1240 986 indiligentes
1255 950 1377 988 neque
1394 940 1561 977 infelices
1576 940 1617 977 in
1631 941 1858 990 explicando
1874 948 2004 980 tamen

379 1005 501 1041 invita
515 1003 690 1039 Minerva
715 1003 858 1038 versari
880 1002 982 1038 soliti
1006 1003 1093 1040 sint.
1147 1003 1228 1040 Hac
1243 1005 1346 1041 enim
1363 1005 1461 1042 in‘re
1475 1012 1628 1054 praeter
1641 1006 1836 1047 subactam
1853 1007 2002 1055 linguae

378 1076 417 1106 et
428 1067 661 1116 antiquitatis
680 1065 890 1103 doctrinam
907 1068 1035 1103 omnia
1050 1067 1220 1116 pendent
1237 1079 1288 1105 ex
1305 1079 1350 1105 ea
1364 1070 1506 1118 ingenii
1520 1077 1560 1108 et
1574 1070 1739 1107 sollertia
1756 1077 1795 1107 et
1811 1071 2005 1117 felicitate,

378 1145 490 1183 quam
515 1133 558 1169 in
581 1131 789 1176 Boeekhio,
815 1130 1020 1168 Letronnio
1047 1131 1297 1178 admiramur,
1332 1144 1428 1182 quae
1453 1135 1520 1171 ubi
1540 1134 1647 1172 deest
1671 1135 1783 1172 nullis
1806 1135 2000 1174 doctrinae

379 1200 497 1247 copiis
529 1197 736 1246 suppletur.
795 1195 874 1234 Nos
901 1197 1052 1245 quidem
1075 1210 1121 1234 eo
1146 1199 1187 1234 in
1213 1209 1347 1246 genere
1373 1205 1525 1247 praeter
1549 1199 1770 1237 Numidicae
1795 1201 2002 1250 scripturae

377 1271 414 1300 et
442 1262 750 1311 compendiorum
785 1262 971 1299 rationem
996 1263 1195 1300 inventam
1224 1263 1428 1312 plurimum
1453 1263 1604 1301 adiuvit
1631 1265 1796 1302 locorum
1819 1266 1999 1304 similium

376 1329 473 1364 inter
507 1339 547 1364 se
577 1327 725 1363 collatio
758 1326 843 1373 (lib.
867 1326 885 1362 Ι
914 1325 947 1375 ξ.
976 1328 1066 1374 11),
1109 1333 1239 1376 atque,
1282 1334 1325 1364 ut
1358 1338 1493 1364 verum
1521 1328 1728 1373 fateamur,
1772 1330 1999 1379 simulatque

375 1393 584 1429 litterarum
617 1397 783 1440 potestas
815 1398 916 1426 recte
952 1390 1107 1427 definita
1140 1398 1256 1435 esset,
1298 1402 1391 1428 vera
1426 1393 1613 1429 sententia
1643 1394 1793 1441 saepius
1825 1394 1998 1432 ultro-se

375 1457 484 1494 nobis
517 1456 654 1492 obtulit
686 1465 799 1503 quam
836 1454 901 1491 diu
935 1461 973 1491 et
1002 1467 1158 1504 operose
1195 1455 1410 1502 quaerendo
1453 1456 1613 1492 inventa
1653 1463 1721 1493 est.
1786 1456 1996 1497 Nonnullos

376 1520 496 1558 nodos
534 1530 683 1556 mecum
716 1517 996 1566 expedivernnt
1027 1518 1128 1554 Frid.
1164 1517 1246 1555 Car.
1282 1519 1482 1556 Brandtius
1514 1520 1843 1569 Magdeburgensis
1877 1529 1918 1560 et
1936 1523 1993 1561 G.

375 1586 696 1631 veesenmeyerus
721 1581 927 1626 Ulmensis,
961 1583 1103 1630 sagacis
1116 1583 1255 1630 ingenii
1270 1584 1446 1629 iuvenes,
1472 1586 1693 1633 quibuscum
1707 1593 1790 1624 tum
1806 1588 1847 1624 in
1860 1587 1994 1626 scholis

376 1658 457 1688 tum
483 1649 664 1698 privatim
690 1646 737 1684 de
762 1647 820 1683 his
834 1647 946 1684 rebus
968 1647 1150 1684 disserere
1165 1648 1296 1686 solitus
1314 1659 1409 1686 sum.
1462 1648 1638 1696 Ceterum
1654 1662 1786 1688 eorum
1804 1651 1994 1691 duntaxat

373 1715 570 1752 titulorum
598 1712 890 1762 explicationem
906 1713 1061 1749 omnino
1086 1718 1226 1750 certam
1244 1720 1282 1750 et
1298 1714 1538 1762 exploratam
1554 1715 1744 1764 appellare
1758 1727 1836 1754 non
1850 1717 1994 1764 dubito,

374 1792 468 1829 quae
495 1780 590 1815 bene
618 1785 656 1814 et
681 1777 844 1825 legitime
871 1777 1029 1825 scripta,
1068 1778 1163 1814 bene
1190 1785 1415 1815 conservata
1438 1785 1477 1815 et
1500 1787 1672 1817 accurate
1691 1780 1878 1830 descripta
1892 1789 1992 1827 sunt,

373 1857 409 1881 v.
433 1858 462 1881 c.
486 1844 603 1880 Melit.
630 1847 661 1879 1.
677 1846 711 1878 2.
739 1841 874 1878 Athen.
896 1845 927 1878 1.
944 1845 978 1878 2.
1006 1840 1077 1878 Cit.
1095 1845 1129 1878 2.
1159 1841 1284 1879 Carth.
1311 1846 1344 1879 2.
1361 1845 1395 1880 3.
1417 1847 1450 1880 8.
1469 1846 1503 1880 9.
1531 1843 1681 1882 Numid.
1696 1849 1730 1882 2.
1747 1850 1783 1883 5.
1810 1845 1951 1897 Tripol.
1970 1851 1990 1884 1

373 1911 439 1954 al.‚
472 1910 511 1945 in
535 1909 591 1944 his
619 1908 683 1956 qui
709 1907 808 1943 male
835 1906 952 1942 habiti
978 1906 1041 1943 vel
1067 1895 1225 1954 quorum
1252 1908 1430 1956 exempla
1452 1909 1719 1956 negligentiora
1736 1918 1824 1946 sunt
1849 1912 1989 1957 (Melit.

371 1978 405 2012 3.
429 1975 475 2021 4)
510 1979 656 2022 praeter
689 1972 940 2008 coniecturam
978 1971 1185 2008 admodum
1222 1972 1455 2020 probabilem
1490 1974 1609 2021 (quae
1639 1974 1790 2021 quidem
1825 1975 1989 2022 ipsa-ad

371 2039 601 2077 evidentiam
635 2048 747 2085 saepe
773 2037 949 2085 proxime
985 2036 1150 2083 accedit)
1190 2036 1283 2072 nihil
1320 2038 1513 2085 expectari
1552 2043 1681 2086 posse,
1720 2039 1988 2078 nonnullorum

369 2105 482 2148 adeo,
516 2109 559 2140 ut
584 2113 684 2139 nunc
710 2108 815 2145 sunt,
847 2101 1197 2150 interpretationem
1223 2101 1336 2149 plane
1360 2101 1634 2150 desperandam
1651 2114 1731 2139 esse
1758 2102 1907 2149 (Carth.
1929 2107 1985 2141 13.

369 2169 440 2207 Cit.
456 2172 491 2206 9.
510 2170 567 2204 19.
585 2171 644 2204 27.
661 2167 751 2214 28),
780 2166 888 2204 facile
910 2166 1138 2213 intelligent,
1166 2166 1229 2214 qui
1256 2165 1389 2220 horum
1416 2166 1716 2215 apographorum
1732 2166 1988 2209 «uenditionem

299 2249 302 2251 ’
369 2238 554 2284 reputent.
607 2231 794 2269 Obscurae
821 2237 910 2269 sunt
936 2231 1050 2267 etiam
1074 2240 1276 2267 mimorum
1304 2231 1574 2268 nonnullorum
1598 2233 1824 2282 epigraphae
1857 2232 1985 2281 (Cilic.

417 2356 483 2397 2¹)
507 2356 582 2386 Non
596 2365 703 2386 omnes
718 2355 873 2395 extemplo
886 2354 1027 2395 legebant
1039 2355 1117 2385 hoe:
1272 2352 1328 2394 22)
1351 2354 1392 2384 V.
1412 2365 1442 2384 c.
1461 2355 1553 2385 inser.
1570 2355 1671 2387 Melit.
1689 2359 1708 2388 2
1730 2355 1895 2397 (pag-103
1914 2358 1982 2399 suq.

708 2425 798 2455 lem
1074 2443 1081 2453 ·
1209 2412 1240 2436 et
1258 2416 1325 2446 pag.
1343 2405 1425 2447 462)
1436 2429 1444 2444 ‚
1468 2408 1637 2453 Serdicam,
1657 2409 1752 2451 epigr.
1766 2410 1852 2440 numi
1867 2410 1982 2442 Sidonii

697 2468 813 2497 ECHE
1207 2464 1351 2498 quattuor
1365 2469 1530 2500 versuum,
1556 2460 1711 2491 Tarsensis
1728 2462 1775 2499 A,
1802 2462 1984 2494 Gaulitano—

696 2510 809 2540 MIND
1207 2521 1276 2540 rum
1296 2509 1336 2541 al.

701 2553 811 2583 ESAN

726 2596 775 2631 Es
