2242 2976
718 228 918 262 LINGUAE
939 228 1134 262 INDOLES
1156 228 1216 262 ET
1238 228 1460 263 HISTORIA.
1827 233 1900 269 343

283 323 420 366 Tyrius,
458 324 548 355 cuius
579 334 660 366 opus
698 324 738 355 de
766 323 961 355 Phoenicum
990 322 1126 355 historia
1159 330 1319 365 tempore,
1356 331 1392 356 ut
1424 323 1605 362 ferebatur,
1642 323 1726 357 bello
1755 323 1900 366 Trojano

280 381 388 423 priore
410 379 552 422 (ἄνδρα,
575 382 637 412 τῶν
656 383 806 422 Τρωϊκῶν
818 382 950 422 χρονῶν,
975 378 1018 417 εἵς
1031 390 1118 419 φασι,
1141 378 1344 422 πρεςβύτερον
1360 379 1500 422 appellat
1514 380 1694 422 Eusebius)
1715 390 1758 412 ex
1771 380 1906 412 urbium,

280 443 313 467 et
332 435 536 467 Hierombali
557 436 734 468 sacerdotis
757 437 994 469 commentariis
1009 435 1174 475 haustum,
1195 437 1298 478 patrio
1313 447 1461 468 sermone
1475 437 1628 479 scriptum
1646 443 1739 480 atque
1759 435 1899 468 Abibalo

278 491 390 533 Beryti
402 493 473 535 regi
489 493 678 535 inscriptum
700 492 875 536 (Porphyr.
893 499 1003 524 contra
1019 490 1137 524 Christ.
1153 491 1276 534 lib.4),
1298 491 1392 524 Philo
1406 491 1551 534 Byblius,
1570 492 1727 525 Hadriani
1744 491 1898 535 aequalis,

260 539 359 580 ‘teste
389 548 534 580 Eusebio
565 559 681 581 novem
709 549 904 592 (secundum
934 547 1144 590 Porphyrium
1173 548 1262 590 octo)
1295 547 1386 580 libris
1413 549 1572 591 digestum
1602 559 1716 591 graece
1738 548 1899 580 transtulit

280 604 419 647 (Euseb.
443 615 551 647 praep.
573 615 687 648 evang.
710 608 740 644 1,
762 607 792 637 9.
827 604 981 647 Porphyr.
1005 605 1044 636 de
1066 605 1181 637 abstin.
1202 608 1222 636 2
1244 616 1318 648 pag.
1334 606 1407 646 94).
1452 604 1537 637 Vide
1555 605 1707 637 Bocharti
1721 604 1851 637 Canaan
1867 603 1898 636 ΙΙ

279 672 306 692 ο.
325 663 374 692 17.
409 660 555 692 Fabricii
574 660 652 694 bibl.
673 672 720 704 gr.
742 661 792 692 ed.
815 660 934 692 Harles
955 660 1012 693 lib.
1036 660 1051 691 Ι
1074 672 1100 692 c.
1117 664 1170 693 28.
1195 660 1235 692 Τ.
1257 660 1273 692 1
1294 672 1326 703 p.
1345 664 1406 693 222
1422 672 1490 703 sqq.
1534 661 1613 693 Eius
1636 663 1740 704 operis
1761 663 1897 704 primum

277 716 416 756 librum,
453 718 508 758 qui
542 717 582 749 de
613 718 820 760 cosmogonia
846 724 877 749 et
906 718 1135 760 antiquissimis
1166 716 1363 749 Phoenicum
1396 717 1516 758 mythis
1547 719 1632 760 agit,
1667 720 1701 749 in
1736 719 1896 760 epitomen

277 773 402 816 redegit
431 779 464 804 et
492 773 666 804 maximam
694 775 987 818 partemgservavit
1016 772 1177 805 Eusebius
1200 773 1240 804 de
1261 775 1503 816 praeparatione
1524 773 1710 817 evangelica
1734 778 1763 813 1,
1788 776 1828 805 10
1851 775 1896 813 *):

278 829 441 861 fatendum
464 839 560 868 vero,
591 836 657 861 tum
672 830 704 861 in
721 831 872 861 universa
886 829 999 861 harum
1014 828 1194 861 fabularum
1216 829 1343 869 indole,
1371 841 1452 873 quae
1467 829 1720 863 Alexandrinum
1733 831 1896 872 ingenium

277 886 399 927 sapiat,
424 892 490 917 tum
506 886 538 916 in
553 884 764 917 Philonianae
779 887 893 918 aetatis
909 887 949 918 ad
963 885 1145 917 huiusmodi
1161 885 1290 918 fraudes
1306 886 1475 918 admodum
1483 897 1661 929 propensae
1679 887 1809 928 ingenio
1833 895 1895 915 non

277 951 373 972 unam
396 942 590 982 suspicionis
611 952 756 973 caussam
778 943 902 974 inesse:
935 952 1014 983 quas
1036 943 1090 983 qui
1111 948 1253 983 reputet,
1284 943 1318 974 in
1339 942 1520 982 Dodwelli,
1543 942 1692 981 Dalenii‚
1719 941 1830 974 Ursini
1854 939 1895 971 al.

276 997 466 1029 sententiam
503 996 598 1028 facile
635 996 784 1035 inclinet,
825 998 878 1038 qui
915 996 967 1027 vel
1002 997 1320 1029 Sanchuniathonem
1355 1000 1536 1030 recentiore
1573 1000 1710 1041 quodam
1751 1005 1895 1039 tempore

210 1084 215 1091 „
275 1055 398 1085 vixisse
432 1052 485 1084 vel
512 1051 592 1084 illud
623 1063 704 1094 opus
735 1063 754 1084 a
777 1051 901 1084 Graeco
924 1051 1052 1084 homine
1075 1052 1226 1084 adhibitis
1248 1059 1280 1084 et
1300 1052 1497 1086 Phoenicum
1518 1054 1636 1086 fabulis
1659 1062 1690 1086 et
1712 1054 1804 1086 illius
1825 1054 1897 1084 aevi

275 1108 531 1152 theologumenis
553 1116 585 1140 et
607 1107 771 1150 allegoriis
793 1108 1011 1140 Alexandriae
1043 1110 1256 1150 conscriptum
1287 1115 1320 1139 et
1344 1110 1565 1152 antiquissimo
1588 1110 1635 1141 illi
1657 1111 1804 1152 scriptori
1824 1119 1897 1150 sup-

274 1167 412 1209 positum
435 1171 625 1197 statuerunt.
670 1165 719 1196 Ea
738 1163 869 1203 saltem,
894 1175 974 1207 quae
996 1165 1078 1206 apud
1098 1164 1275 1196 Eusebium
1292 1175 1407 1206 graece
1424 1164 1586 1208 leguntur,
1612 1177 1714 1209 neque
1731 1165 1896 1197 Phoenicii

275 1223 435 1254 sermonis
463 1220 605 1253 indolem
634 1222 679 1252 ita
707 1220 872 1259 redolere,
912 1227 947 1252 ut
977 1231 1019 1252 ex
1046 1231 1086 1252 eo
1112 1220 1215 1252 videri
1247 1221 1370 1262 possint
1396 1221 1436 1252 ad
1467 1222 1599 1253 verbum
1630 1221 1783 1254 translata
1812 1230 1894 1258 esse,

276 1289 378 1320 neque
409 1278 590 1310 duodecimi
618 1284 692 1309 ante
723 1276 799 1311 Chr.
828 1284 939 1308 natum
968 1275 1068 1309 seculi
1098 1277 1264 1319 ingenium
1295 1276 1434 1313 referre,
1470 1277 1564 1309 facile
1595 1277 1688 1309 nobis
1711 1278 1895 1315 concedent,

275 1336 454 1376 quicunque
489 1344 552 1365 non
592 1340 825 1376 praeoccupata
860 1334 1010 1375 opinione
1045 1332 1125 1364 haec
1160 1332 1339 1375 fragmenta
1367 1333 1607 1365 examinabunt.
1659 1333 1766 1375 Magis
1797 1333 1895 1363 etiam

274 1391 414 1432 suspecti
442 1397 517 1422 sunt
543 1389 759 1432 philosophici
779 1388 872 1428 libri,
910 1400 989 1432 quos
1011 1387 1288 1421 Sanchuniathoni
1309 1388 1420 1420 tribuit
1443 1388 1579 1429 Suidas,
1616 1390 1685 1432 περὶ
1705 1392 1761 1430 τῆς
1778 1386 1895 1429 Ἑρμοῦ

274 1447 489 1489 φυσιολογίας,
526 1453 558 1477 et
577 1445 772 1488 Atyvmaaxr‘
795 1447 950 1488 θεολογία.
1380 1465 1399 1472 -

403 1540 434 1568 2.
457 1539 487 1568 3.
509 1540 541 1568 4.
594 1535 724 1567 Praeter
756 1535 1073 1568 Sanchuniathonem
1111 1542 1175 1567 tres
1214 1534 1270 1566 alii
1307 1545 1413 1566 rerum
1445 1534 1692 1567 Phoeniciarum
1723 1537 1893 1577 scriptores

273 1599 509 1632 memorantur,
533 1589 665 1635 quorum
691 1603 788 1634 opera
810 1603 851 1624 ex
874 1594 976 1634 patrio
999 1602 1110 1623 eorum
1128 1601 1275 1623 sermone
1289 1602 1403 1634 graece
1419 1591 1573 1623 translata
1589 1593 1670 1631 sint,
1696 1591 1893 1630 Theodotus,

275 1650 492 1692 Hypsicrates
508 1656 539 1679 et
555 1648 703 1680 Moclms.
738 1635 866 1680 Tatian.
883 1657 958 1680 orat.
976 1659 1002 1679 c.
1022 1647 1163 1679 Graecos
1179 1649 1204 1686 ξ.
1219 1650 1276 1679 37:
1299 1647 1338 1680 τὰ
1355 1649 1507 1680 Φοινίκων
1523 1647 1623 1685 οὕτως
1641 1647 1715 1688 ἔχει·
1738 1647 1893 1689 γεγόνασιν

274 1704 351 1747 παρ’
378 1704 482 1742 αὐτοῖς
503 1709 584 1746 τρεῖς
605 1703 733 1744 ἄνδρες,
760 1703 931 1743 Θεόδοτος,
950 1702 1164 1746 ’Υψικρὰτης,
1193 1704 1331 1744 Μιῖχος·
1361 1704 1481 1736 τούτων
1503 1705 1559 1741 τὰς
1579 1704 1708 1744 βίβλους
1725 1704 1767 1741 εἷς
1783 1702 1894 1744 Ἓλλη-

272 1762 342 1793 νίδα
378 1760 538 1798 κατέταξεν
574 1760 680 1803 φωνὴν
709 1763 838 1797 Χαῖτος.
891 1760 953 1791 Pro
982 1762 1103 1797 Χαῖτος
1139 1760 1223 1802 apud
1261 1760 1436 1792 Eusebium
1471 1771 1576 1802 praep.
1612 1770 1725 1802 evang.
1764 1759 1820 1792 lib.
1857 1760 1892 1791 X

274 1829 344 1860 pag.
369 1819 432 1849 493
454 1815 501 1855 Β,
538 1816 594 1848 ubi
617 1816 748 1848 Tatiani
772 1816 864 1848 locus
885 1815 1051 1855 laudatur,
1081 1822 1129 1847 est
1143 1815 1281 1856 Ἄσιτος,
1312 1817 1368 1847 sed
1390 1815 1560 1858 legendum
1582 1826 1654 1848 esse
1676 1817 1816 1854 Λαΐτος,
1851 1827 1894 1848 ex

274 1872 440 1905 Clemente
462 1872 683 1904 Alexandrino
706 1873 844 1915 (Strom.
866 1871 920 1904 lib.
943 1871 958 1903 I
980 1883 1012 1914 p.
1034 1874 1096 1904 326
1121 1871 1250 1913 Sylb.)‚
1280 1871 1335 1903 ubi
1359 1873 1470 1903 eadem
1492 1883 1544 1904 res
1564 1879 1726 1911 tractatur,
1750 1869 1891 1914 apparet.

273 1929 425 1961 ,Metellum
446 1935 551 1960 autem
566 1928 751 1961 Athenaeus
772 1940 897 1971 quoque
920 1934 1075 1960 memorat
1105 1929 1116 1969 (
1124 1927 1181 1959 lib.
1204 1927 1251 1959 Ill
1273 1930 1301 1967 ς.
1327 1929 1430 1969 100):
1473 1928 1557 1970 παρὰ
1586 1933 1651 1965 τοῖς
1672 1928 1711 1960 τοὶ
1734 1929 1892 1961 Φοινικικὰ

273 1984 495 2028 συγγεγραφόσι
516 1986 722 2017 Σουνιαίθωνι
745 1986 794 2017 καὶ
814 1984 943 2027 Μώχῳ,
974 1992 1005 2016 et
1026 1983 1185 2026 Josephus
1208 1983 1324 2026 (Arch.
1343 1987 1372 2022 1,
1394 1986 1413 2016 3
1435 1986 1462 2023 ξ.
1482 1984 1542 2026 9):
1578 1985 1628 2016 καὶ
1650 1985 1771 2025 Μῶχος
1791 1997 1823 2017 τε
1842 1987 1892 2017 καὶ

276 2043 420 2078 Εστιαΐος
442 2042 492 2072 καὶ
513 2042 592 2081 πρὸς
613 2041 717 2078 αὖτοΐς
755 2040 770 2073 ὁ
800 2040 971 2083 Αἰγύπτιος
995 2038 1177 2083 Ἱερώνυμος
1183 2065 1193 2079 ,
1233 2040 1262 2072 οἳ
1283 2040 1322 2072 τὰ
1347 2039 1506 2072 Φοινικικὰ
1529 2040 1766 2082 συνταξάμενοι,
1798 2049 1891 2085 atque

273 2097 389 2129 Strabo
403 2096 486 2129 XVI
506 2109 535 2139 p.
549 2099 611 2129 75⁷
636 2096 775 2129 Casaub.
799 2098 826 2129 εἰ
848 2098 881 2129 δὲ
903 2098 952 2128 δεῖ
967 2097 1160 2140 Ποσειδονίῳ
1182 2099 1340 2128 πιστεῦσαι
1363 2096 1413 2127 καὶ
1435 2096 1471 2128 τὸ
1494 2097 1561 2139 περὶ
1577 2100 1638 2129 τῶν
1653 2096 1776 2137 ἀτόμων
1792 2098 1892 2140 δόγμα

274 2153 403 2185 παλαιὸν
434 2152 516 2185 ἔστιν
544 2152 657 2196 ἀνδρὸς
685 2154 828 2185 Σιδονίου
850 2152 988 2194 Μόσχου
1013 2152 1153 2193 (Medic.
1176 2155 1207 2185 3.
1231 2157 1261 2184 4.
1283 2151 1386 2187 Mose.
1408 2152 1553 2196 Μώχου)
1575 2152 1634 2194 πρὸ
1656 2156 1718 2185 τῶν
1742 2156 1890 2195 Τρωϊκῶν

271 2209 392 2251 χρόνων
415 2208 590 2251 γεγονότος,
622 2220 664 2241 ex
690 2221 751 2252 quo
774 2209 845 2241 loco
868 2204 1014 2252 apparet,
1040 2208 1179 2240 Graecos
1201 2210 1234 2240 in
1257 2219 1381 2241 summa
1402 2210 1587 2252 antiquitate
1610 2208 1661 2241 his
1683 2210 1891 2251 scriptoribus

274 2266 442 2297 tribuenda
464 2266 632 2297 admodum
656 2265 768 2298 faciles
793 2273 825 2298 et
846 2277 941 2308 saepe
964 2267 1080 2296 nimios
1104 2265 1215 2296 fuisse.
1240 2284 1282 2289 -—-
1325 2265 1372 2296 Hi
1386 2272 1533 2308 quattuor
1554 2264 1631 2305 (alii
1647 2266 1730 2296 enim
1745 2265 1889 2297 derebus

275 2320 455 2353 Phoeniciis
486 2333 601 2365 graece
631 2324 844 2365 scripserant,
882 2329 916 2353 ut
943 2321 1119 2353 Menander
1143 2320 1317 2363 Ephesius,
1348 2322 1415 2354 Jos.
1437 2321 1610 2353 Archaeol.
1639 2321 1707 2359 IX,
1737 2324 1776 2352 14
1806 2323 1834 2360 §-
1859 2325 1889 2360 2,

277 2375 487 2410 Philostratus
508 2378 595 2419 ibid.
619 2379 672 2418 X,
697 2382 733 2410 11
759 2380 788 2417 ξ.
814 2382 843 2411 1.
880 2377 969 2426 Dius!
990 2376 1042 2408 vel
1064 2376 1150 2409 Dion
1174 2377 1219 2409 id.
1250 2388 1277 2412 c.
1300 2377 1362 2420 Ap.
1388 2381 1425 2418 1,
1449 2381 1509 2418 17)
1550 2374 1726 2409 Phoenices
1748 2377 1887 2416 fuerunt,

277 2431 390 2475 reliqui
413 2433 529 2474 Poeni,
563 2445 696 2477 quorum
719 2436 960 2478 antiquissimus
980 2434 1080 2466 fuisse
1101 2434 1226 2466 videtur
1305 2439 1308 2442 ⁴

329 2587 357 2620 *)
374 2587 520 2621 Separatim
540 2598 599 2616 oum
618 2589 698 2625 variis
716 2590 835 2617 virorum
855 2590 993 2616 doctorum
1013 2590 1244 2616 observationibus
1263 2589 1332 2615 edid.
1355 2589 1393 2614 lo.
1416 2587 1496 2614 Conr.
1519 2587 1645 2614 Orellius.
1678 2587 1749 2620 Lips.
1765 2587 1841 2613 1826.
1860 2588 1885 2612 8.
