2242 2976
439 263 500 296 DE
521 262 730 296 LITTERIS
753 262 1017 296 PHOENlCIIS.
1060 263 1089 301 θ.
1108 264 1160 294 35.
1189 260 1250 293 DE
1273 258 1498 293 NUMIDICA
1520 258 1780 291 SCRIPTURA.
1882 262 1930 298 51

429 357 479 389 Ac
502 360 643 399 primum
674 358 800 400 quidem
823 358 851 389 si
876 357 929 399 qui
952 355 1034 386 forte
1056 356 1210 386 mirentur
1232 362 1265 386 et
1286 356 1429 397 ineptum
1453 359 1603 386 censeant
1625 359 1719 395 atque
1741 352 1932 392 inauditum,

299 414 385 446 idem
407 415 535 456 signum
561 413 669 455 plures
690 413 813 445 litteras
835 411 1017 455 significare
1037 422 1150 453 posse,
1180 410 1214 442 hi
1234 402 1342 442 'unum
1364 410 1443 442 illud
1468 415 1634 453 reputent,
1665 408 1726 440 hoc
1756 409 1931 450 scripturae

297 481 402 513 genus
426 481 490 502 non
514 472 702 512 primarium
725 481 796 501 esse
821 476 853 500 et
874 469 1016 500 nativum
1048 468 1100 510 (in
1125 478 1187 510 quo
1212 466 1275 498 tale
1304 468 1379 510 quid
1409 467 1554 499 accidere
1586 477 1648 497 non
1681 464 1842 507 poterat),
1874 465 1931 496 sed

300 527 527 558 secundarium
559 532 592 557 et
622 526 867 568 degeneratum,
906 527 1080 566 omnesque
1114 523 1188 555 illas
1225 522 1369 561 litteras,
1409 534 1489 565 quae
1519 533 1606 554 nunc
1636 520 1930 563 tachygraphorum

299 582 499 626 negligentia
522 583 555 614 in
577 593 698 614 meram
722 582 839 613 lineam
856 582 1008 613 directam
1029 579 1079 610 vel
1094 581 1127 611 in
1142 581 1269 622 signum
1286 579 1475 611 cruciforme
1489 580 1687 617 reciderunt,
1711 577 1786 609 olim
1803 576 1931 620 plenius

298 638 398 670 fuisse
428 640 528 681 pictas
558 645 590 669 et
618 649 638 669 a
660 649 695 670 se
718 639 856 670 invicem
878 637 978 679 probe
1000 637 1165 668 discretas.
1209 635 1258 667 lta
1280 637 1417 668 vidimus
1451 635 1465 689 Ι
1502 653 1547 666 =
1569 635 1654 667 Beth
1683 636 1803 667 sensim
1825 642 1930 666 ortum

297 702 772 800 esseex)‚idquoex3‚
824 685 1020 810 '=Nun
1043 696 1136 800 εικῆ
1176 748 1185 764 ,
1244 691 1257 802 Ι
1299 724 1493 785 :Lameq
1514 734 1556 755 ex
1588 689 1613 806 ζ
1642 746 1652 762 ,
1704 708 1716 788 Ι
1754 719 1929 752 :Tauex

320 815 366 899 l*
385 860 394 876 ,
407 838 503 879 idque
521 847 562 867 ex
587 817 655 907 ‘r'
682 860 690 868 .
732 837 860 869 Eadem
876 847 1005 879 prorsus
1020 839 1109 867 ratio
1124 840 1174 867 εει
1189 834 1354 877 alphabeti
1370 833 1475 873 eufici,
1499 834 1532 865 in
1551 845 1613 876 quo
1630 832 1778 865 similiter
1792 831 1931 874 quinque

295 929 421 961 litterae
437 928 544 970 (Beth,
563 929 612 968 Je,
635 929 723 969 Nun,
747 929 831 968 The,
854 929 956 970 Thse)
978 929 1111 960 eandem
1127 927 1264 970 figuram
1281 926 1414 958 habent:
1439 938 1503 959 non
1521 928 1611 969 quasi
1625 928 1672 958 sic
1687 927 1838 957 inventae
1852 925 1929 962 sint,

298 987 354 1018 sed
370 987 443 1028 quia
459 986 598 1028 quinque
613 985 738 1018 litterae
753 987 929 1028 scripturae
939 986 1055 1016 veteris
1064 984 1165 1025 Syrae
1172 983 1363 1026 Estrangelo
1372 984 1475 1015 dictae
1485 984 1583 1025 (unde
1597 982 1730 1015 cuficam
1741 982 1931 1023 scripturam

299 1048 400 1074 ortam
418 1033 489 1073 esse
508 1042 643 1082 constat)
667 1053 685 1073 a
706 1041 821 1073 scribis
838 1041 983 1073 Arabum
999 1042 1031 1072 in
1049 1040 1131 1071 hanc
1148 1051 1245 1071 unam
1262 1046 1294 1070 et
1311 1038 1582 1082 simplicissimam
1596 1039 1733 1081 figuram
1750 1043 1931 1069 contractae

299 1106 374 1131 sunt
382 1099 421 1140 *).
464 1097 543 1128 Item
564 1109 616 1129 res
637 1109 672 1129 se
687 1097 785 1130 habet
803 1099 842 1130 de
860 1098 1017 1140 scriptura
1034 1096 1281 1128 Sassanidarum
1298 1097 1332 1127 in
1350 1096 1551 1127 numismatis
1559 1096 1612 1137 **)‚
1636 1096 1778 1136 adeoque
1797 1094 1836 1125 de
1852 1093 1932 1125 scri-

300 1169 393 1205 ptura
414 1168 524 1193 nostra
545 1162 729 1204 germanica
756 1163 900 1200 cursiva,
924 1162 958 1192 in
980 1172 1043 1203 qua
1062 1174 1095 1188 u
1120 1166 1169 1192 est
1190 1159 1229 1192 N
1246 1166 1351 1191 ortum
1376 1170 1418 1190 ex
1440 1158 1496 1190 lat.
1519 1169 1561 1198 n,
1596 1165 1627 1190 et
1656 1158 1688 1190 U
1707 1166 1811 1189 ortum
1832 1167 1875 1188 ex
1896 1166 1929 1193 u,

298 1252 410 1288 postea
433 1245 560 1276 demum
584 1247 677 1288 signo
701 1246 865 1278 diacritico
889 1224 949 1288 (ζ)
971 1245 1134 1276 distincta:
1158 1244 1339 1276 cuiusmodi
1363 1245 1466 1286 signis
1489 1244 1663 1276 diacriticis
1685 1244 1782 1274 etiam
1805 1240 1931 1274 Arabes

298 1316 409 1351 postea
431 1308 489 1339 has
514 1307 635 1340 litteras
658 1310 691 1340 in
716 1308 831 1341 Nischi
853 1310 1012 1351 scriptura
1034 1308 1224 1340 discrevisse
1249 1310 1320 1357 (ψ,
1349 1316 1409 1358 ἓξ,
1442 1332 1490 1358 O,
1523 1320 1577 1353 ω,
1609 1309 1670 1354 0)
1693 1307 1773 1337 satis
1795 1310 1931 1336 constat.

427 1372 562 1404 Deinde
592 1374 632 1404 ad
661 1374 804 1405 eiusdem
835 1375 1011 1416 scripturae
1041 1373 1161 1405 cuficae
1191 1374 1347 1404 rationem
1382 1383 1439 1404 eos
1470 1373 1632 1404 remittere
1660 1371 1840 1414 possimus,
1878 1369 1931 1411 qui

299 1430 417 1460 nimiae
445 1436 477 1459 et
506 1439 607 1470 paene
638 1431 800 1461 inauditae
828 1429 1047 1472 ambiguitatis
1077 1430 1138 1461 hoc
1166 1431 1341 1471 scripturae
1364 1440 1465 1472 genus
1494 1435 1655 1460 accusent.
1699 1427 1763 1458 Sed
1788 1425 1931 1468 profecto

300 1496 364 1517 non
381 1484 483 1516 multo
504 1486 606 1516 maior
629 1492 677 1516 est
700 1478 796 1517 huius
817 1497 910 1529 quam
934 1486 1122 1528 phoeniciae
1144 1485 1287 1528 vulgaris
1311 1485 1492 1524 difficultas,
1514 1484 1610 1515 modo
1634 1484 1696 1515 hoc
1710 1489 1850 1522 teneant,
1876 1483 1932 1524 qui

296 1541 373 1573 talia
394 1547 600 1573 monumenta
618 1540 728 1584 legere
743 1541 863 1582 volent,
885 1553 949 1573 non
972 1544 1005 1573 in
1029 1541 1164 1584 singulis
1187 1547 1309 1573 tantum
1332 1541 1499 1573 elementis
1521 1540 1719 1572 haerendum
1742 1549 1826 1577 esse,
1850 1549 1932 1580 quae

297 1608 393 1640 saepe
416 1597 567 1639 ambigua
589 1605 681 1637 sunt,
705 1598 779 1637 sed,
804 1600 887 1630 utin
902 1600 1061 1641 scriptura
1084 1599 1271 1640 aegyptiaca
1293 1597 1465 1636 enchoria,
1487 1605 1522 1629 ut
1544 1598 1577 1628 in
1603 1595 1767 1628 codicibus
1793 1594 1931 1626 arabicis

296 1655 482 1698 graecisque
513 1653 714 1696 negligenter
747 1656 893 1698 scriptis,
923 1656 957 1687 id
987 1655 1163 1698 agendum,
1197 1662 1230 1686 ut
1259 1656 1386 1697 integra
1416 1655 1522 1686 statim
1557 1651 1732 1691 vocabula,
1764 1649 1930 1689 formulas,

297 1712 524 1754 signorumque
547 1713 638 1753 quasi
663 1710 896 1754 symplegmata
918 1714 1065 1754 (quorum
1089 1710 1184 1754 plura
1205 1712 1238 1743 in
1257 1711 1308 1743 his
1324 1711 1539 1742 monumentis
1555 1709 1729 1742 identidem
1748 1706 1929 1748 recurrunt)

298 1765 400 1798 oculis
431 1774 463 1798 et
493 1775 600 1798 mente
629 1767 917 1810 comprehendant,
951 1779 1013 1811 quo
1046 1767 1131 1799 sacto
1161 1769 1288 1799 demum
1312 1766 1511 1810 singulorum
1534 1765 1764 1797 elementorum
1789 1770 1931 1806 potestas

298 1824 478 1854 accuratius
517 1822 645 1854 definiri
685 1831 798 1866 potest.
848 1824 985 1856 Accedit
1025 1825 1109 1867 qnod
1147 1823 1304 1856 vocabula
1344 1823 1515 1855 admodum
1558 1822 1655 1854 obvia
1693 1828 1723 1853 et
1758 1832 1817 1853 usu
1856 1821 1931 1851 trita

296 1877 587 1921 tachygraphorum
611 1890 702 1911 more
725 1882 815 1923 quasi
836 1892 892 1923 per
917 1881 1138 1924 compendium
1158 1880 1321 1923 multoque
1341 1878 1556 1923 negligentius
1580 1879 1794 1921 scriptaesse
1812 1875 1929 1915 solent,

297 1938 393 1978 quam*
412 1933 554 1977 reliqua,
586 1937 726 1968 maxime
750 1938 881 1969 nomina
902 1939 1047 1980 propria:
1684 1922 1687 1925 Δ

423 1989 465 2022 V.
490 2003 518 2025 c.
793 2012 806 2017 κ

321 2053 434 2143 ‚br
470 2086 502 2110 et
545 2049 566 2206 Ι
597 2053 695 2139 '²¹⁴
728 2105 771 2118 =
798 2097 856 2129 w&
881 2088 1055 2130 (dominus)
1079 2087 1177 2121 Num.
1202 2091 1231 2126 1,
1251 2090 1280 2119 1.
1297 2091 1327 2118 2.
1351 2091 1381 2125 2,
1404 2090 1417 2118 1
1443 2090 1472 2119 2.
1496 2089 1526 2125 3,
1546 2089 1575 2118 1.
1599 2088 1631 2123 4,
1655 2087 1737 2117 2.“3.
1762 2087 1791 2124 5,
1810 2088 1825 2116 1
1842 2084 1929 2126 (bis).

393 2149 398 2166 ⁴
1260 2143 1351 2187 Trip.
1372 2147 1402 2182 2,
1424 2147 1455 2175 4.

348 2304 378 2336 ⁴)
405 2302 475 2328 Vide
502 2301 661 2336 scripturam
690 2301 801 2328 cnfioem
834 2309 894 2327 cum
919 2299 1077 2335 Estrangelo

298 2356 481 2386 comparatam
498 2351 526 2376 iu
548 2351 637 2376 tabula
655 2350 687 2376 ab
705 2349 853 2384 ant'eldio
873 2348 1023 2381 delineata,
1049 2348 1078 2374 in

298 2399 405 2427 Ewaldi
424 2408 535 2435 gramm.
555 2399 627 2424 arab.
649 2399 683 2424 T.
707 2401 731 2424 1.

325 2472 332 2481 ,v
349 2448 390 2481 **)
415 2448 485 2474 Vide
505 2447 529 2479 §.
549 2446 592 2474 54.
628 2448 670 2473 De
689 2447 759 2480 Sacy
778 2447 811 2472 de
825 2445 867 2471 his
884 2445 980 2471 litteris
994 2445 1078 2478 (apud

300 2496 483 2528 minuetum,
501 2495 612 2522 Recueil
627 2496 675 2521 des
693 2495 823 2529 planches
841 2503 867 2528 p.
880 2493 913 2527 fi)
931 2493 982 2519 ita:
1004 2496 1078 2519 Dans

302 2547 337 2569 len
354 2545 491 2577 midaizles,
509 2544 605 2578 inquit,
621 2546 745 2578 plusieurs
758 2547 841 2569 lettres
856 2543 965 2568 reduires
978 2540 1078 2576 presqu'

300 2590 318 2617 c)
335 2602 368 2617 ιηι
385 2596 440 2618 seul
455 2595 516 2618 vait
535 2594 754 2626 perpendiculaire
778 2593 881 2625 perdent
899 2594 965 2616 leun
983 2590 1079 2622 formes

303 2642 532 2675 caracter-iniquos,
557 2647 580 2667 et
603 2651 630 2667 se
655 2639 804 2672 confandat
826 2643 862 2666 les
885 2649 945 2665 unes
965 2649 1029 2666 avec
1045 2642 1080 2665 ln

1148 2305 1244 2325 autres.
1279 2299 1313 2324 Et
1330 2306 1428 2324 revera
1445 2307 1489 2324 sex
1506 2297 1609 2323 litteras
1636 2296 1707 2330 (He,
1728 2296 1828 2327 Waw,
1847 2293 1926 2326 Zain,

1146 2348 1213 2380 Jod,
1236 2347 1356 2380 Lamed,
1385 2345 1490 2379 Resch)
1513 2346 1550 2373 ita
1572 2346 1602 2372 in
1627 2345 1775 2380 simplicem
1803 2343 1927 2368 lineolam

1147 2400 1297 2423 contractas
1322 2403 1382 2422 esse
1409 2395 1569 2421 monstrabit
1590 2395 1642 2420 tab.
1662 2399 1755 2419 nostra
1774 2391 1872 2425 quinta.
1892 2404 1926 2409 -

1149 2444 1218 2480 Quid
1237 2442 1327 2478 quod?
1354 2445 1421 2470 adeo
1442 2444 1548 2477 Aleph,
1574 2443 1662 2469 littera
1683 2450 1718 2467 ex
1738 2439 1827 2466 multis
1849 2437 1927 2463 lineis

1147 2493 1311 2527 composita,
1330 2492 1358 2518 in
1378 2492 1510 2526 scriptura
1524 2491 1649 2518 Peschito
1666 2494 1693 2516 et
1710 2488 1802 2514 Nischi
1821 2486 1927 2512 tandem

1147 2541 1176 2568 in
1190 2550 1268 2567 unam
1284 2541 1382 2567 lineam
1396 2541 1643 2574 perpendicularem
1660 2537 1764 2567 recidit,
1780 2535 1850 2568 quod
1862 2542 1930 2568 quo-

1147 2591 1230 2616 modo
1253 2588 1353 2616 sensim
1373 2590 1473 2615 sactum
1491 2589 1543 2621 sit,
1568 2588 1630 2615 vide
1648 2586 1718 2619 apud
1736 2584 1863 2617 Koppiun·
1887 2583 1926 2615 ΙΙ,

1148 2648 1175 2673 p.
1192 2639 1252 2665 377.

1494 2687 1513 2715 7
1530 2688 1545 2705 *
