2242 2976
280 266 575 303 MONUMENTA
589 266 737 299 SEMIT.
756 266 944 300 AEGYPT.
967 267 1109 300 LXXII.
1117 267 1276 300 LXXIII.
1292 267 1492 300 PAPYRUS
1507 267 1785 301 TURINENSIS.
1830 271 1905 308 233

408 361 559 403 Quinque
581 360 657 393 illae
679 360 805 393 litterae
828 361 941 392 eodem
962 362 1137 403 scripturae
1161 361 1344 393 charactere
1359 370 1528 402 exaratae,
1559 374 1652 406 quem
1668 364 1752 406 apud
1768 363 1906 396 Semitas

278 421 313 452 in
341 419 489 461 Aegypto
523 418 676 460 degentes
698 420 848 450 usitatum
871 417 970 449 fuisse
994 419 1150 458 vidimus,
1191 417 1275 450 hand
1300 419 1396 450 dubie
1427 431 1543 451 nomen
1571 421 1736 463 proprium
1766 420 1907 463 hominis

278 475 397 518 sepulti
418 482 450 506 et
473 475 597 506 Osiridi
619 475 703 506 dona
725 475 857 506 ferentis
878 475 1050 506 continent.
1094 474 1264 512 Quomodo
1288 475 1451 508 efferenda
1473 478 1558 515 sint,
1588 483 1693 508 utrum
1716 481 1835 519 'U'mll’
1865 488 1905 519 an

278 534 401 574 equetus,
434 534 537 578 κ--ιγηωζ
569 542 609 563 an
640 530 705 562 alio
727 531 845 570 modo,
883 537 987 562 utrum
1011 532 1218 573 aegyptiacae
1239 532 1374 573 originis
1397 533 1439 563 sit
1460 543 1576 564 nomen
1601 544 1640 564 an
1665 520 1845 573 serniticae,
1875 540 1908 565 et

279 576 568 631 quid-significet,
612 598 669 630 pro
704 594 791 619 certo
827 598 891 619 non
925 586 1087 619 definiam.
1152 588 1188 619 Si
1217 589 1398 619 semiticum
1429 595 1494 627 est,
1530 591 1562 621 in
1595 598 1646 623 7:127
1676 589 1776 622 latere
1804 591 1908 633 possit

278 655 392 677 nomen
430 645 491 687 (cf.
522 650 610 691 nm]
635 646 739 691 ηςῑξ),
778 643 915 675 fortas-e
945 645 1042 675 etiarn
1072 646 1193 676 coelum
1225 645 1347 686 (nvem,
1376 646 1479 685 vnum:
1518 647 1574 677 sed
1598 647 1671 689 quid
1694 648 1736 678 sit
1756 657 1808 686 ἠ,
1838 657 1904 684 ³17³,

276 703 401 744 ignoro.
445 701 495 733 Ad
516 701 695 733 litterarum
717 699 838 742 figuras
861 711 959 731 unum
975 700 1132 740 observo,
1156 700 1324 734 caudulam
1341 701 1401 733 Jod
1418 701 1543 733 litterae
1559 710 1722 734 extremae
1739 705 1778 736 ad
1794 715 1903 736 verum

277 759 347 790 eius
368 757 494 790 litterae
516 757 731 790 characterem
754 767 817 788 non
841 757 999 798 pertinere
1023 763 1055 788 et
1073 756 1156 799 stylo
1180 757 1263 789 ultra
1284 749 1403 790 lineam
1427 759 1652 801 progrediente
1674 766 1777 792 ortam
1801 772 1882 793 esse.

1012 852 1168 886 LXXIII.

687 920 1004 954 PAPYRUS
1052 921 1491 954 TURINENs-IS.

403 1003 431 1031 1.
475 998 550 1031 Non
572 1000 643 1031 sine
665 1009 783 1041 magno
808 999 942 1040 strepitu
964 997 1026 1029 hoc
1047 998 1263 1039 fragmentum
1290 997 1362 1030 folii
1385 1001 1552 1041 papyracei
1576 999 1690 1032 litteris
1713 1001 1904 1035 Phoenicio-

274 1055 325 1087 vel
349 1063 434 1087 certe
457 1054 847 1096 Semitico-Aegyptiacis
869 1053 991 1095 impleti
1013 1055 1096 1084 inter
1116 1053 1291 1096 Aegyptios
1314 1054 1422 1086 Musei
1445 1055 1636 1088 Turinensis
1658 1069 1795 1100 papyros
1820 1070 1904 1091 anno

275 1115 357 1144 1823
381 1111 431 1143 vel
457 1115 539 1144 1824
560 1117 721 1153 repertum
746 1112 822 1141 viris
845 1111 946 1141 doctis
969 1111 1002 1142 in
1027 1111 1178 1141 universa
1200 1110 1330 1152 Europa
1351 1121 1407 1152 per
1430 1111 1653 1153 ephemerides
1676 1117 1902 1147 annunciatum

274 1176 323 1201 est
343 1168 395 1212 (v.
417 1168 561 1200 Journal
572 1168 752 1209 Asialz'qne
775 1165 812 1197 Τ.
829 1166 861 1198 V
883 1177 954 1209 pag.
972 1166 1045 1207 20),
1069 1168 1206 1209 primum
1225 1166 1264 1198 ab
1284 1166 1474 1199 HAMAKERO
1498 1168 1655 1210 (Miscell.
1672 1167 1788 1212 phoen.
1806 1172 1869 1204 tab.
1883 1175 1903 1204 3

273 1236 325 1257 no.
339 1226 378 1267 3)
406 1236 447 1257 ex
469 1223 655 1267 apographo
679 1222 895 1254 Rochettiano
917 1223 1055 1259 editum;
1086 1223 1160 1254 dein
1183 1234 1225 1254 ex
1249 1223 1434 1265 apographo
1457 1236 1476 1255 a
1499 1224 1589 1256 Gust.
1612 1226 1794 1267 Seyffartho
1815 1228 1899 1259 facto

274 1293 294 1313 a
321 1280 451 1313 Baculo
479 1283 512 1312 in
539 1280 649 1312 libello
679 1281 806 1322 saepius
835 1286 1012 1311 meinorato
1041 1278 1104 1310 tab.
1138 1282 1172 1310 1:
1208 1280 1290 1322 quod
1323 1281 1452 1322 quidem
1482 1288 1651 1324 utrumque
1681 1284 1900 1326 apographum

274 1338 419 1370 dedimus
446 1336 510 1369 tab.
531 1340 572 1369 30
594 1336 653 1368 litt.
673 1348 701 1367 a.
724 1336 756 1368 b.

400 1393 659 1437 Explicationem
690 1394 761 1424 eius
795 1392 884 1424 dedit
912 1392 1118 1423 Hamakerus
1147 1391 1171 1423 l.
1197 1403 1223 1423 c.
1254 1404 1283 1434 p.
1310 1395 1471 1432 67-77,
1511 1394 1623 1425 eodem
1647 1385 1725 1426 {vitio
1749 1398 1901 1438 primario

273 1452 491 1490 laborantem,
532 1461 594 1493 quo
626 1449 770 1481 eiusdem
798 1450 832 1480 in
868 1448 1056 1480 Numidicas
1086 1450 1311 1491 inscriptiones
1343 1449 1485 1491 pericula
1513 1450 1714 1482 laborabant.
1767 1452 1901 1485 Solebat

273 1511 360 1540 enim
380 1507 436 1540 ille
457 1509 528 1539 sine
550 1508 746 1538 accuratiore
769 1506 944 1547 scripturae
964 1506 1171 1547 indagatione
1195 1506 1227 1536 in
1251 1515 1328 1536 vera
1349 1505 1527 1538 litterarum
1546 1513 1701 1549 potestate
1718 1507 1901 1541 definienda

271 1565 357 1605 falli,
393 1571 424 1596 et
453 1564 514 1595 hoc
543 1564 638 1595 modo
666 1569 814 1605 portenta
841 1561 1029 1604 exsculpere
1058 1562 1243 1593 doctissimo
1268 1563 1381 1604 cuique
1404 1564 1557 1595 inaudita.
1602 1563 1650 1594 Ita
1671 1564 1756 1595 idem
1779 1565 1812 1596 in
1837 1565 1899 1597 hoc

272 1623 470 1665 fragmento,
502 1620 586 1663 quod
609 1630 684 1650 vere
706 1618 912 1661 phoenicium
936 1628 1007 1649 esse
1029 1617 1162 1660 putabat
1186 1624 1218 1648 et
1240 1619 1284 1649 ita
1301 1617 1446 1661 legebat:

644 1711 738 1719 .....
767 1698 786 1719 zv
811 1693 886 1733 02¹¹?-
911 1693 997 1733 ,73:533
1019 1687 1180 1733 nestas-3⁷2„
1210 1694 1307 1733 &3773
1337 1687 1379 1730 bs

688 1767 781 1775 ·····
808 1754 841 1787 ιν
872 1751 1059 1791 71:⁸22&
1082 1746 1200 1789 κε’-,εαξη
1225 1750 1292 1788 0er
1315 1752 1379 1790 »φῖ

505 1812 619 1850 Deus,
649 1814 706 1853 qui
722 1811 871 1852 placaris
893 1813 1074 1841 sanctitate
1096 1821 1260 1842 servornm
1284 1815 1410 1842 tuorum
1434 1815 1467 1842 et
1489 1814 1561 1842 vita
1586 1834 1670 1843 .....

506 1869 705 1900 Circumiens
727 1868 777 1898 sol
796 1871 829 1898 et
846 1871 967 1908 potens
988 1871 1121 1909 gramm
1144 1870 1189 1898 sit
1211 1866 1440 1908 (obsequium)
1465 1889 1584 1900 .......

402 1934 454 1967 Ad
484 1933 583 1972 haec,
622 1924 709 1975 quae·
724 1931 902 1974 intelligat,
936 1932 989 1973 qui
1010 1932 1131 1973 possit,
1168 1932 1196 1962 is
1226 1930 1327 1963 multa
1355 1932 1393 1963 de
1425 1930 1552 1964 Cabiris
1582 1941 1832 1975 commentatur,
1868 1944 1900 1968 et

270 1993 444 2035 fragmenti
471 1998 632 2022 auctorem
652 1987 855 2021 idololatram
878 1988 978 2019 fuisse
1000 1987 1147 2019 affirmat.

401 2061 431 2088 2.
476 2054 592 2094 Nobis,
616 2065 656 2086 ne
680 2055 713 2084 in
737 2052 859 2084 similes
884 2063 1010 2084 errores
1032 2053 1228 2092 incidamus,
1251 2059 1325 2084 ante
1349 2054 1456 2084 onmia
1479 2053 1519 2084 de
1541 2053 1717 2087 litterarum
1741 2063 1898 2098 potestate

269 2122 357 2147 recte
394 2112 577 2145 definienda
616 2110 848 2153 anquirendum
884 2111 966 2141 erit:
1013 2110 1065 2141 cui
1104 2121 1203 2151 pauca
1241 2110 1280 2141 de
1319 2111 1484 2152 utriusque
1521 2112 1699 2154 apographi
1736 2114 1897 2146 discordia

270 2171 502 2214 praemittenda
537 2174 622 2200 sunt.
679 2166 772 2206 Quae
809 2167 936 2208 quidem
967 2166 1145 2205 discordia,
1182 2165 1258 2197 licet
1294 2167 1327 2198 in
1359 2168 1547 2198 universum
1586 2179 1649 2199 non
1687 2171 1733 2200 ita
1770 2181 1896 2213 magna,

266 2231 406 2271 primum
428 2229 461 2258 in
490 2237 529 2257 eo
560 2225 718 2262 cernitur,
757 2223 842 2265 quod
871 2221 1044 2263 Seyffarthi
1075 2222 1255 2264 exemplum
1285 2230 1411 2264 praeter
1439 2223 1520 2254 duos
1558 2234 1669 2256 versus
1704 2226 1896 2268 principales

270 2285 356 2316 tertii
376 2285 475 2315 etiam
500 2292 611 2313 versus
636 2281 771 2322 vestigia
794 2280 951 2317 continet,
989 2286 1020 2309 et
1043 2278 1118 2310 huic
1140 2278 1320 2321 fragmento
1344 2281 1498 2311 maiorem
1521 2280 1632 2312 tribuit
1653 2292 1760 2313 aream
1792 2284 1896 2324 (unde

272 2339 423 2383 colligas,
466 2345 521 2370 aut
556 2349 661 2371 unum,
690 2336 866 2368 alterumve
906 2342 960 2367 aut
992 2342 1160 2377 utrumque
1190 2346 1254 2367 non
1286 2334 1379 2377 plane
1410 2343 1589 2368 accuratam
1623 2339 1692 2370 eius
1723 2339 1895 2381 imaginem

271 2397 430 2438 referre);
470 2396 547 2427 dein
583 2395 666 2436 apud
703 2392 919 2434 Seyffarthum
954 2391 1080 2424 litterae
1116 2390 1302 2434 plerumque
1329 2392 1536 2434 graciliores,
1577 2395 1661 2436 apud
1693 2394 1894 2426 Rochettiuin

273 2454 445 2484 crassiores
483 2458 515 2484 et
545 2452 692 2483 rudiores
722 2456 796 2481 sunt
807 2462 815 2488 ;
852 2448 1010 2490 denique,
1049 2449 1386 2493 quodbgravissimum
1423 2457 1487 2489 est,
1528 2449 1700 2481 nonnullae
1730 2452 1893 2492 utriusque

273 2508 411 2550 exempli
442 2508 565 2540 litterae
600 2509 683 2539 inter
713 2517 748 2538 se
779 2505 940 2537 differunt.
992 2504 1041 2538 Ita
1077 2505 1108 2546 a)
1137 2506 1245 2540 Reeclt
1277 2507 1311 2538 in
1340 2517 1419 2538 voce
1442 2515 1523 2540 'tte-572
1548 2506 1605 2537 lin.
1630 2511 1667 2545 1,
1699 2508 1783 2550 quod
1813 2506 1893 2537 nihil

273 2563 384 2596 dubito
409 2575 428 2596 a
449 2564 630 2606 Seyffartho
652 2565 737 2595 iusto
766 2562 896 2604 longius
917 2563 1034 2604 pictum
1065 2573 1154 2601 esse,
1185 2569 1219 2594 ut
1241 2562 1317 2594 Nun
1341 2563 1504 2599 videatur3
1545 2562 1580 2604 b)
1605 2562 1713 2594 Resclt
1734 2563 1894 2603 posterius

273 2623 306 2652 in
328 2629 440 2655 &avuta
461 2620 517 2653 lin.
537 2624 556 2653 2
578 2621 687 2653 itidem
714 2631 732 2650 a
756 2618 938 2660 Seyffanho
960 2620 1006 2650 ita
1029 2620 1166 2662 pictum,
1197 2626 1232 2651 ut
1259 2618 1334 2651 Nun
1356 2618 1460 2650 videri
1488 2620 1604 2661 possit:
1635 2619 1663 2659 c)
1687 2617 1755 2649 Jod
1774 2619 1807 2649 in
1830 2627 1892 2654 &³1¹1

1439 2680 1480 2709 30
