2242 2976
356 250 434 289 304
508 248 640 285 LIBER
662 246 868 282 TERTIUS.
907 246 972 281 ΠΕ
995 246 1137 282 umus
1160 247 1422 283 monimus.
1464 248 1611 285 mem·
1634 249 1870 290 mamm.

355 345 471 378 mentis
499 343 547 375 usi
576 348 651 373 sunt
677 340 719 374 sd
746 340 1003 382 persuadendum
1030 341 1109 373 satis
1138 341 1278 375 idoneis.
1319 341 1387 381 Qui
1414 353 1474 386 pro
1501 343 1616 377 Melita
1643 350 1732 383 stant
1758 352 1792 378 ee
1813 353 1869 388 με
1891 345 1975 378 hane

354 401 490 434 insulam
515 400 526 439 (
535 408 598 430 non
621 396 781 438 Gaulum)
802 395 987 440 significare
1001 402 1130 439 putant,
1151 408 1326 439 provomre
1341 401 1519 441 maamad
1536 398 1658 433 *culm
1673 398 1813 437 Oinidis
1825 400 1908 444 (lut.
1921 401 1975 444 A)
2022 404 2036 407 ‘

355 459 451 490 etiam
474 457 505 487 in
529 453 601 487 aliis
618 452 836 486 Melitensium
859 454 966 487 nuruis
979 455 1187 495 conspicuum
1209 454 1356 496 (Eekhel
1374 459 1401 495 1,
1423 459 1496 488 268.
1518 455 1667 489 Micam
1689 459 1720 496 ί.
1742 457 1845 498 342),
1869 458 1976 501 adque

354 513 418 546 alia
440 511 595 554 quaedam
616 520 779 541 sacrorum
799 508 1069 552 Aegyptiacorum
1091 511 1123 542 iu
1147 509 1207 544 hac
1227 511 1335 545 insula
1358 513 1494 555 vestigia
1511 513 1563 554 (v.
1585 513 1626 544 ad
1642 520 1775 548 *iem-1³5
1796 512 1900 547 Melit.
1917 514 1976 557 1)2

354 567 451 602 Ganli
475 577 550 599 vero
572 567 700 609 patroni
720 566 763 599 ad
787 573 946 599 monetam
968 573 1098 599 nostrae
1115 566 1255 602 similem
1278 569 1476 611 (quanquam
1498 579 1563 602 nou
1578 570 1752 612 eandum,
1781 571 1872 602 cuim
1884 577 1978 612 typus

354 627 407 659 hic
429 632 492 658 este

483 713 591 758 Caput
612 711 769 745 muliebre
790 722 891 754 supra
913 713 1066 746 lunulam.
1106 712 1134 759 )(
1171 713 1275 746 Miles
1298 713 1458 758 gradiens
1480 715 1605 748 dextra
1629 715 1756 750 hastan
1777 719 1978 760 intorquens,

354 774 413 804 hac
440 769 614 815 epigraphe
643 770 674 801 Γ
670 768 887 800 ΛΥΛῙΤΩΝ
917 767 1101 802 Mionnetl
1129 781 1163 812 p.
1187 772 1267 803 34¹:
1306 772 1399 817 eique
1428 779 1595 814 praeterea
1616 771 1744 814 favent,
1781 783 1863 817 quiae
1884 781 1981 819 supr·

353 830 393 861 de
423 828 632 871 congruentia
660 836 748 857 vocc.
778 827 900 862 Γαῦλος
928 833 960 857 et
990 834 1042 870 ΡΝ
1074 826 1159 857 dicta
1182 833 1275 865 snut,
1313 838 1408 869 quum
1438 835 1550 860 contra
1575 829 1699 871 Μιλίτη
1729 829 1833 874 ipsum
1862 838 1979 866 nomen

354 885 564 917 Phoenicium
589 893 660 914 esse
686 882 830 913 videatur
851 883 903 925 (p.
921 884 962 914 92
971 881 996 923 ).
1041 881 1170 914 Poterat
1183 883 1284 914 'etiam
1309 881 1451 916 Osiridis
1471 883 1576 917 cultus
1597 885 1681 930 apud
1704 883 1893 918 Gaulitanos
1914 894 1979 918 uon

353 944 458 974 minus
482 942 606 985 vigere,
642 949 735 982 quam
759 938 840 980 apud
866 939 988 970 vicinos
1016 937 1215 971 Melitenses.
1261 938 1326 971 Sed
1356 946 1391 971 ut
1414 950 1524 971 verum
1547 941 1669 982 dicam,
1700 942 1816 973 desunt
1838 941 1980 980 rationes

352 1009 482 1043 prorsus
498 1003 604 1028 certae
619 1003 650 1027 et
666 994 875 1033 indubitatae,
900 1006 981 1039 quae
995 994 1055 1026 hos
1070 1005 1184 1027 numos
1193 993 1298 1026 Gaulo
1314 996 1487 1034 vindicent,
1511 1004 1543 1028 et
1559 1008 1736 1043 quanquam
1752 996 1915 1031 credibilis
1930 1002 1980 1029 est

354 1055 433 1086 haec
462 1055 531 1085 eius
560 1054 669 1095 origo,
710 1061 773 1083 non
803 1058 908 1083 tamen
939 1058 1026 1082 certa
1053 1058 1085 1082 et
1113 1049 1291 1093 explorata.
1334 1050 1481 1083 Ceterum
1505 1063 1622 1086 numus
1647 1052 1846 1098 Bodlejanus
1868 1059 1979 1089 nostro

354 1111 411 1143 litt.
430 1110 461 1142 A
482 1107 615 1148 similis,
637 1107 694 1139 sed
717 1106 881 1149 bilinguis,
906 1107 1045 1138 additam
1069 1106 1191 1139 habens
1214 1107 1410 1151 epigraphen
1427 1119 1576 1152 graecam
1592 1110 1783 1154 Βασιλίσσης
1801 1109 1979 1150 (Dauo-udos

353 1168 539 1209 (Swintom
575 1166 607 1196 in
638 1162 720 1195 Phil.
749 1162 982 1194 Transactions
1018 1163 1083 1194 Lx
1111 1174 1142 1206 p.
1173 1163 1234 1204 80)
1270 1164 1317 1195 ita
1349 1171 1518 1208 suspectus
1547 1171 1615 1207 est,
1649 1172 1684 1197 ut
1710 1166 1746 1198 in
1775 1164 1836 1198 hac
1864 1175 1978 1198 caussa

354 1222 460 1255 nullus
483 1223 552 1253 eius
575 1231 653 1253 usus
675 1220 717 1251 sit
738 1219 788 1260 (v.
811 1217 936 1249 Eckhel
960 1221 990 1256 1,
1014 1219 1109 1259 265).

824 1420 1074 1460 cavus
1131 1420 1507 1459 ausurum.

623 1506 828 1544 NUMI
887 1505 1182 1546 PUNICI
1228 1481 1709 1548 'HISPANICL

481 1626 615 1659 Moneta
636 1626 669 1657 in
692 1624 872 1667 Hispaniae
886 1624 1038 1658 Baeticae
1061 1624 1196 1657 urbibus
1210 1627 1390 1667 maritimis,
1413 1634 1449 1659 ut
1464 1626 1620 1668 Gadibus,
1639 1627 1802 1667 Abderae,
1818 1625 1976 1666 Malacae,

353 1696 430 1717 cusa
451 1691 484 1717 et
506 1683 624 1715 Punice
645 1682 818 1726 inscripta,
847 1683 1021 1724 maximam
1043 1689 1166 1726 partem
1187 1693 1289 1714 aenea
1299 1706 1311 1726 2
1340 1682 1441 1715 multo
1465 1685 1593 1718 rudior-e
1614 1691 1682 1716 arte
1697 1683 1783 1716 facta
1799 1689 1859 1726 est,
1882 1693 1977 1726 quam

354 1739 493 1773 Siculo·
509 1739 650 1778 Punica,
694 1744 726 1769 et
762 1737 879 1770 litteris
917 1740 1088 1781 inscripta,
1124 1749 1205 1781 quae
1242 1731 1413 1784 pleraeque
1446 1740 1633 1772 inferiorem
1669 1747 1806 1775 aetatem
1839 1739 1979 1782 produnt

354 1805 385 1829 et
416 1799 450 1829 in
487 1795 596 1828 multis
632 1795 672 1826 ad
700 1796 876 1837 scripturae
906 1793 1097 1829 Numidicae
1131 1794 1374 1829 similitudinem
1403 1796 1575 1830 accedunt:
1611 1796 1644 1828 id
1674 1796 1758 1840 quod
1787 1795 1979 1831 confirmant

356 1855 451 1884 etiam
490 1850 635 1884 nonnulli
675 1850 854 1894 bilingues,
892 1852 946 1894 qui
986 1850 1112 1884 Tiberii
1149 1853 1324 1897 imaginem
1360 1862 1540 1895 nomenque
1573 1859 1699 1896 gerunt.
1742 1848 1878 1893 ‘Pi-ioris
1905 1845 1978 1885 aevi

356 1906 587 1950 Palaeographi
620 1914 652 1938 et
673 1906 943 1950 Numismatologi
974 1907 1143 1951 plerosque
1173 1907 1268 1942 huius
1299 1909 1428 1951 generis
1458 1919 1573 1941 numos
1604 1907 1750 1940 Gadibus
1779 1908 1976 1944 tribuerunt:

354 1977 373 1996 a
404 1964 518 2007 quibus
548 1963 765 2006 segregandos
794 1974 866 1994 esse
888 1963 1107 1996 Abderitanos
1137 1965 1257 2008 primus
1285 1965 1393 1997 docuit
1422 1963 1584 2009 Bayerus,
1620 1963 1782 1996 Sextanos
1811 1971 1845 1996 et
1874 1962 1977 1997 Mala-

355 2031 467 2052 censes
489 2020 610 2052 addidit
631 2019 868 2061 Lindbergius,
890 2019 1006 2063 quibus
1022 2031 1107 2052 nunc
1121 2020 1274 2053 accedent
1288 2019 1410 2053 Belani.
1431 2039 1475 2045 —
1503 2020 1553 2052 De
1576 2019 1732 2060 florezii,
1756 2019 1975 2068 Velasquezii,

355 2077 477 2108 Sestini
502 2075 611 2114 libris,
644 2078 698 2118 qui
729 2085 794 2107 una
821 2086 892 2109 cum
922 2074 1054 2119 reliquis
1076 2078 1277 2118 numismatis
1299 2076 1485 2122 Hispanieis
1507 2079 1604 2110 etiam
1626 2076 1821 2122 Hispanicas
1839 2076 1975 2109 Punicas

357 2131 575 2169 illustrarunt,
609 2142 639 2162 ν.
663 2142 735 2174 pag.
761 2134 792 2163 6.
816 2134 846 2164 7.

950 2230 1037 2263 XV.
1084 2230 1345 2265 GADES.

484 2315 535 2347 De
572 2320 716 2345 veterum
752 2312 889 2344 Gadium
926 2316 1006 2354 situ,
1046 2323 1242 2356 mercatura,
1279 2317 1400 2350 divitiis
1432 2323 1465 2349 et
1492 2315 1658 2360 opulentia
1691 2326 1724 2348 v.
1747 2325 1828 2358 vprae
1858 2316 1974 2347 ceteris

358 2371 548 2405 Strabonem
570 2369 616 2401 III
637 2381 667 2412 p·
691 2371 751 2400 168
774 2368 910 2400 Casaub·
933 2382 1002 2414 sqq.
1028 2379 1060 2403 et
1083 2383 1163 2415 quae
1187 2374 1280 2405 docte
1303 2375 1465 2416 congessit
1486 2372 1686 2411 Bochai-tus,
1714 2382 1824 2414 geogr.
1850 2382 1931 2403 sacr.
1959 2370 1974 2402 1

358 2441 386 2461 c.
409 2431 461 2460 34.
505 2426 631 2458 Nomen
653 2427 722 2457 eius
744 2425 827 2467 apud
851 2424 1028 2459 Phoenices
1050 2438 1082 2459 et
1104 2429 1230 2461 Poenos
1250 2430 1350 2462 fuisse
1371 2430 1524 2473 Γάδειρα,
1557 2429 1665 2462 ander
1678 2428 1782 2473 (νιξ)
1803 2434 1835 2458 et
1848 2431 1973 2470 septu-

356 2483 541 2527 significare
570 2481 752 2524 complures
782 2487 905 2512 veteres
927 2483 1116 2523 observant,
1148 2492 1183 2516 ut
1206 2485 1341 2526 Dionys.
1362 2486 1520 2529 Perieget.
1548 2487 1624 2518 45⁶.
1661 2483 1802 2525 Hesych.
1825 2483 1974 2526 Γάδειρα,

358 2542 397 2573 τὰ
428 2538 680 2589 περιφράγμαται,
719 2538 782 2570 Φοί
769 2550 868 2575 ινικες.
901 2537 1031 2570 Sallust.
1062 2540 1176 2583 fragm.
1207 2542 1291 2583 apud
1319 2541 1420 2575 Prisc.
1448 2545 1487 2582 5,
1515 2543 1588 2574 648.
1609 2543 1682 2573 698·
1724 2540 1838 2572 Fenus
1858 2539 1972 2573 Am

360 2597 461 2628 deser.
486 2594 573 2627 orbis
595 2598 669 2628 268.
692 2597 764 2627 615.
801 2594 883 2626 Pliu.
904 2598 936 2634 4,
957 2597 1010 2627 36.
1942 2609 1946 2618 2
