2242 2976
421 253 758 287 INSCRII’TIONES
776 253 1015 288 CI'I‘IENSES.
1046 253 1339 287 xxv—-xxnss
1370 253 1454 287 CIT.
1468 254 1579 287 Xx—
1595 254 1706 287 XXII.
1817 257 1887 293 147

393 347 467 381 Lin.
493 352 508 380 1
537 348 594 391 fig.
619 352 638 380 2
669 348 753 381 haud
783 349 880 380 dubie
910 354 958 380 est
990 348 1100 386 Zade,
1138 354 1174 379 ut
1201 347 1380 380 luculenter
1409 347 1572 390 apparebit
1601 347 1716 380 collata
1744 348 1886 380 eiusdem

263 403 388 435 litterae
410 404 514 447 figura
538 404 600 436 Cit.
622 408 640 436 3
662 404 718 436 lin.
737 409 751 437 1
778 406 831 447 (in
854 405 967 437 eodem
992 416 1061 437 voc.
1085 404 1213 446 17:272).
1235 423 1279 429 —-
1319 404 1355 436 In
1379 413 1455 438 turi:
1476 408 1576 452 (amq
1602 405 1641 437 cf.
1665 404 1780 437 Athen.
1804 408 1830 436 1.
1854 413 1886 437 et

265 458 327 491 Cit.
346 463 406 501 23)
435 461 515 493 Chet
537 461 673 493 formam
697 461 793 493 habet
815 461 893 493 alibi
915 462 948 492 in
972 460 1150 493 Numidicis
1174 462 1324 492 usitatam
1345 463 1395 503 (p.
1413 464 1490 503 29),
1520 463 1658 504 itemque
1681 461 1885 493 Jodlitterae

262 515 367 559 figura
389 517 525 560 simplex
547 525 596 549 est
619 525 650 549 et
672 517 919 560 tachygraphica
942 518 989 559 (p.
1006 518 1079 559 31).
1126 516 1247 555 Quarta
1270 518 1339 549 eius
1363 518 1452 549 verbi
1468 517 1574 549 littera
1590 519 1643 549 vix
1659 525 1744 549 recte
1761 518 1886 559 depicta

263 575 343 612 erit,
374 582 406 605 et
420 576 537 616 pariter
551 582 644 617 atque
661 581 806 607 extrema
823 575 919 607 totius
937 584 1048 607 versus
1061 573 1167 606 littera
1182 574 1266 606 haud
1283 573 1379 605 dubie
1395 581 1443 605 est
1455 574 1543 606 Mem
1562 574 1657 616 paulo
1672 575 1885 616 depravatius,

262 651 308 682 ita
330 650 398 682 fere
414 651 637 698 retingendum
668 628 734 703 W
809 620 879 709 W
888 675 896 684 .
920 670 960 678 --
1004 650 1041 683 Iu
1058 658 1211 693 voum-5:32
1227 657 1338 693 quarta
1351 649 1459 682 littera
1473 657 1521 682 est
1537 650 1646 692 Aleplt
1663 651 1774 682 eodem
1790 651 1885 682 modo

262 728 414 769 scriptum
444 728 563 760 Athen.
588 732 607 761 3
637 737 668 762 et
691 730 753 763 cit,
774 734 826 770 33,
850 733 879 761 1.
900 731 918 760 3
941 735 973 759 et
994 728 1141 759 similiter
1163 729 1197 759 in
1220 725 1575 769 Hispano-Numidici:
1600 728 1647 769 (p.
1662 728 1740 769 20),
1774 729 1885 770 quinta

262 783 370 825 paullo
393 786 609 827 imperfectius
631 789 714 829 picta
739 799 777 819 ea
799 794 847 819 est
869 786 993 818 litterae
1015 784 1113 816 Schin
1137 784 1260 826 figura,
1294 794 1389 825 quam
1412 783 1618 815 exhibuimus
1642 787 1669 821 ᾗ.
1686 787 1726 816 32
1751 784 1800 825 (p.
1820 785 1884 825 46)

264 850 315 870 no.
330 843 359 872 3.
382 861 425 865 —
467 841 503 873 In
527 845 643 884 317*sz
669 845 780 886 (quem
798 845 877 875 Rex
900 844 920 873 i.
936 854 964 874 e.
986 841 1067 873 Baal
1089 841 1148 873 dat
1170 852 1200 873 v.
1226 839 1288 872 Cit.
1303 843 1343 878 4)
1365 841 1491 871 tertiam
1512 840 1650 871 litteram
1674 842 1717 871 ita
1740 842 1883 879 restituo,

263 923 296 947 ut
323 916 413 959 Caph
435 920 477 949 sit
509 895 613 965 ᾗ.
669 920 721 953 Ab
750 922 790 952 iis
820 927 925 952 autem
955 930 1035 962 quae
1062 925 1136 961 post
1165 919 1262 960 patris
1286 927 1403 948 nomen
1427 923 1603 959 sequuntur
1632 916 1884 959 &bezan-mi)

262 983 461 1026 explicandis
491 988 638 1029 equidem
667 988 823 1020 abstineo.

988 1040 1155 1073 XXVIII.

565 1109 918 1144 CITIENSIS
968 1106 1305 1142 VICESIMA
1350 1106 1580 1139 PRIMA.

390 1187 514 1220 Porteri
535 1188 744 1231 apographon
768 1189 855 1221 dedit
877 1186 1025 1219 swintun
1047 1187 1081 1217 in
1106 1184 1228 1218 Philos-
1250 1184 1483 1215 Transactiom
1506 1182 1546 1215 Τ.
1561 1186 1602 1217 54
1623 1195 1655 1226 p.
1669 1187 1732 1216 434
1754 1186 1801 1227 (v.
1819 1186 1883 1218 tab.

262 1251 362 1276 nostr.
385 1244 539 1287 undem),
573 1246 669 1287 idque
691 1245 787 1287 legit:

607 1302 650 1335 bri
679 1303 787 1344 vanus
1127 1298 1306 1330 Amamono
1325 1296 1515 1335 interfecto.

390 1356 454 1388 Sed
477 1364 616 1399 praestat
637 1369 722 1390 nunc
746 1359 871 1400 quidem
887 1355 1067 1398 exemplum
1083 1354 1339 1392 Pocockianum,
1362 1355 1396 1384 in
1415 1363 1477 1395 quo
1495 1352 1601 1385 littera
1617 1354 1711 1385 tertia
1726 1359 1758 1384 et
1774 1362 1885 1396 quarta

261 1413 430 1444 distinctae
451 1421 541 1453 sunt,
569 1421 601 1445 et
623 1415 734 1446 eodem
758 1415 888 1457 quidem
910 1414 1003 1445 modo
1022 1418 1114 1453 atque
1138 1416 1320 1442 constanter
1342 1410 1460 1441 factum
1482 1416 1531 1441 est
1552 1410 1585 1440 in
1603 1411 1698 1442 inscr.
1717 1409 1885 1453 Tuggensi

259 1469 320 1507 (cf.
343 1480 414 1512 pag.
430 1471 501 1512 36).
545 1470 658 1502 Tertia
680 1473 764 1502 enim
789 1470 913 1508 littera,
942 1471 973 1500 in
996 1479 1056 1511 qua
1073 1467 1160 1499 linea
1182 1467 1289 1497 media
1312 1466 1432 1497 directa
1455 1472 1669 1498 transversam
1694 1478 1757 1497 non
1783 1474 1882 1506 secat,

236 1545 238 1549 -
260 1533 310 1558 est
324 1524 445 1565 Schin,
475 1533 586 1568 quarta
604 1529 637 1558 in
663 1538 724 1570 qua
747 1528 879 1558 eandem
902 1533 1005 1562 secet,
1028 1524 1126 1555 Mem.
1169 1523 1259 1565 Lege
1277 1523 1376 1564 igitur
1396 1522 1488 1563 (nam
1504 1529 1648 1554 extrema
1663 1522 1770 1554 littera
1785 1525 1818 1555 in
1833 1523 1884 1555 his

262 1582 453 1628 apographis
474 1584 581 1629 minus
603 1585 758 1616 accuratis
782 1585 876 1615 etiam
899 1581 974 1614 Nun
998 1591 1069 1612 esse
1091 1579 1235 1622 potest):

588 1647 780 1708 ῙΠΞῈΗΞΝΒ
1130 1643 1411 1693 Asclepiodoro,

261 1732 308 1764 pr.
333 1731 425 1763 quem
448 1720 724 1753 Eruimus-dedit
742 1732 767 1753 s.
791 1721 944 1759 donavit,
974 1718 1012 1750 cf.
1035 1721 1114 1763 333⁵*
1133 1727 1223 1759 quem
1235 1715 1362 1750 Jelcova
1385 1716 1540 1755 donavit,
1564 1715 1661 1763 33:3¹3&ss
1683 1726 1774 1758 quem
1792 1716 1885 1749 Deus

263 1777 415 1815 donavit,
444 1784 476 1807 et
497 1786 650 1820 mmmm
674 1776 736 1808 Cit.
759 1780 786 1809 8.

1000 1829 1136 1864 XXIX.

524 1898 873 1932 CITIENSIS
923 1896 1255 1931 VICESIMA
1302 1894 1625 1928 SECUNDA.

388 1977 492 2010 Nemo
515 1976 600 2008 ullus
623 1977 706 2009 hanc
728 1977 969 2019 inscriptionem
992 1975 1106 2017 attigit.
1150 1972 1235 2004 Satis
1259 1980 1345 2004 certa
1367 1979 1474 2017 tamen
1497 1972 1577 2004 haec
1599 1973 1669 2005 eius
1690 1973 1806 2006 lectio:

454 2039 621 2102 mamb
653 2048 829 2095 nn(322)
1107 2039 1251 2089 Cippus
1274 2035 1454 2074 Esmimo.

426 2121 470 2154 Ὃ
504 2119 631 2154 mmm<
665 2120 827 2155 ἹὛἾΠΝ
1104 2107 1199 2143 Post
1214 2106 1395 2157 pluviam
1422 2105 1490 2142 Sol
1514 2105 1626 2143 lucet.

387 2181 557 2219 Quomodo
579 2183 613 2212 in
636 2182 741 2222 priore
761 2179 847 2211 linea
870 2177 999 2220 singula
1023 2180 1178 2221 quaedam
1200 2179 1376 2210 litterarum
1395 2179 1531 2220 vestigia
1544 2180 1758 2218 restituerim,
1781 2179 1880 2212 lector

261 2239 403 2271 eruditus
431 2249 482 2269 me
513 2248 576 2269 non
605 2243 756 2269 monente
778 2235 910 2267 videbit.
956 2235 1101 2266 Litterae
1126 2237 1211 2267 enim
1234 2236 1356 2274 Lamed
1385 2235 1477 2277 (vide
1504 2246 1577 2278 pag.
1601 2238 1641 2267 35
1665 2234 1720 2278 fig.
1748 2239 1794 2267 13.
1819 2238 1879 2276 14)

260 2306 375 2338 scapus
398 2301 589 2332 evanuerat,
622 2292 710 2324 Mem
732 2299 840 2323 autem
861 2291 996 2322 fractum
1015 2299 1064 2322 est
1084 2299 1115 2323 et
1138 2293 1229 2334 quasi
1247 2291 1408 2330 lacerum,
1438 2291 1477 2322 cf.
1500 2302 1570 2334 pag.
1595 2294 1646 2324 37.
1677 2311 1714 2315 -
1755 2291 1880 2323 Versus

259 2353 417 2395 posterior
445 2351 636 2382 sententiam
665 2347 878 2391 sepulcralem
907 2349 1047 2379 continet
1080 2349 1250 2380 admodum
1279 2349 1403 2387 tritam,
1440 2358 1520 2391 quae
1542 2348 1732 2389 respondeat
1755 2356 1879 2379 nostro:

263 2407 338 2440 Post
360 2407 471 2440 nubila
494 2406 659 2438 Phoebus!
699 2414 771 2440 nrm
795 2404 904 2436 efferri
928 2411 1031 2446 potest
1054 2413 1126 2447 *ir-115
1150 2411 1181 2436 et
1203 2413 1304 2453 ’anm
1336 2415 1373 2440 ηπ
1404 2404 1468 2447 (ita
1490 2406 1575 2436 enim
1598 2403 1787 2446 legendum,
1816 2415 1878 2434 non

262 2475 318 2502 3η,
350 2474 527 2506 quanquam
547 2462 653 2506 figura
675 2461 720 2494 nil
741 2462 850 2494 differt
871 2472 892 2492 a
913 2460 1037 2503 Gimel)
1068 2462 1221 2504 scriptum
1246 2467 1294 2493 est
1315 2472 1374 2503 pro
1395 2469 1444 2509 ’χ’-ἔ
1469 2460 1543 2502 (lib.
1557 2460 1572 2491 I
1593 2462 1625 2518 §3
1635 2460 1698 2500 40)
1721 2463 1879 2501 irrigatio

262 2539 385 2571 terrae,
408 2533 543 2574 pluvia,
571 2542 590 2563 a
612 2539 674 2577 ,πῃ
696 2531 860 2573 irrigavit,
884 2529 923 2562 cf.
939 2530 1023 2572 quod
1047 2529 1121 2561 inde
1144 2536 1340 2562 contractum
1365 2535 1414 2560 est
1436 2537 1467 2569 ἡ
1492 2528 1581 2563 arab,
1603 2519 1652 2577 ὲ)
1674 2526 1741 2557 Iob.
1758 2529 1810 2565 37,
1828 2529 1878 2565 11,

263 2606 435 2639 secundum
466 2606 618 2649 plurimos
647 2614 732 2640 certe
761 2608 961 2648 interpretes.
1006 2606 1156 2639 Fortasse
1183 2607 1279 2638 etiam
1308 2615 1347 2640 πῆ
1375 2604 1456 2646 apud
1486 2604 1611 2635 Poenos
1639 2602 1879 2643 pronunciatum

1424 2665 1465 2693 19
1484 2664 1500 2682 ²⁸¹
