2242 2976
798 284 915 318 NUMI
939 283 1097 318 CILICII.
1142 283 1216 317 vll.
1239 282 1424 317 TARSUS.
1851 285 1927 320 277

300 380 514 419 Phoeniciae,
548 380 587 412 de
611 379 726 422 quibus
749 379 843 411 infra.
887 379 940 411 Ex
964 379 1114 422 exemplo
1136 379 1284 411 Parisino
1306 390 1356 421 ap.
1379 378 1537 411 Mionnet.
1559 376 1581 409 l.
1603 387 1630 409 c.
1651 388 1681 419 p.
1704 379 1766 409 668
1791 387 1843 409 no.
1863 379 1927 408 676

299 447 436 481 quocum
466 448 522 479 per
552 438 660 468 omnia
689 436 839 468 convenit
870 436 931 468 hoc
954 437 1038 479 quod
1061 447 1103 468 ex
1125 435 1250 468 Incisae
1273 435 1408 468 Abbatis
1432 433 1679 477 numophylacio
1702 434 1790 465 dedit
1810 433 1926 465 Amad.

299 493 426 535 Peyron
448 492 470 524 l.
489 504 517 524 c.
560 492 598 525 In
621 493 812 536 epigraphes
835 492 1051 525 delineatione
1074 503 1123 535 ap.
1145 492 1348 524 Mionnetum
1370 492 1433 524 tab.
1450 496 1491 523 22
1515 503 1567 523 no.
1590 494 1630 523 35
1653 490 1760 522 littera
1781 491 1875 522 tertia
1895 497 1928 521 et

300 550 426 582 decima
447 551 554 582 minus
577 550 660 582 bene
682 560 836 592 expressa
858 557 914 582 est.
944 569 985 574 —-
1022 548 1090 580 Alii
1112 551 1145 580 in
1170 560 1283 581 aversa
1304 548 1425 580 habent
1448 550 1591 587 leonem,
1628 550 1686 590 qai
1708 547 1753 579 ad
1773 547 1927 578 dextram

298 607 458 649 graditur
489 610 523 639 et
552 611 734 649 serpentem
763 607 880 638 calcat.
906 606 1035 648 ‘Epign
1064 612 1163 649 ἹἾτ73.
1208 605 1399 648 Exemplum
1422 604 1567 637 habeo'a
1588 604 1758 637 Rochettio
1780 605 1925 643 missum,

301 673 343 695 ex
361 662 478 695 Museo
497 663 655 695 Parisino.
786 703 791 710 .

426 718 466 750 Β.
514 719 650 761 Iupiter
678 719 760 750 solio
787 719 934 751 invidens
962 719 1009 751 ad
1034 723 1203 752 sim'etram
1235 730 1335 763 mper
1366 719 1489 751 dextra
1519 719 1660 761 aquilam
1693 722 1823 753 tenena,
1859 718 1923 748 sin.

298 774 443 814 hastam,
482 767 514 806 in
540 786 615 806 area
637 778 730 817 epica
753 780 788 807 et
809 786 885 807 uva.
928 776 1017 808 Pone
1039 786 1101 812 τἾΠ
1125 779 1196 812 5³⁹:-
1231 777 1258 819 )(
1287 776 1359 808 Leo
1383 780 1511 807 taurum
1534 775 1714 813 devoram,
1752 772 1926 815 epigraphe

298 838 398 875 ἾἯἉ.
442 831 478 863 In
501 842 576 863 area
596 841 651 871 nn,
680 831 764 863 infra
787 841 821 864 73.
864 832 916 864 Ex
939 832 1087 875 exemplo
1110 833 1267 865 Parisino.
1310 832 1379 864 AR.
1402 835 1453 872 δὲ.
1497 831 1533 863 In
1556 831 1646 871 aliis,
1676 835 1810 874 quorum
1834 828 1926 871 plura

296 888 330 920 in
360 888 476 921 Museo
506 886 692 920 Britannico
722 889 807 928 vidi,
846 890 880 920 in
912 900 1026 921 aversa
1056 890 1141 922 infra
1162 890 1290 923 leonem
1311 896 1386 922 sunt
1405 889 1531 921 litterae
1553 897 1609 922 00.
1655 887 1691 919 In
1715 886 1788 919 aliis
1812 896 1926 917 aversa

297 943 396 977 habet
417 945 558 983 leonem,
591 948 649 987 qui
668 955 796 977 cervum
819 945 967 977 devorat.

426 999 464 1032 C.
507 1000 643 1042 Iupiter
663 1002 746 1032 solio
767 1001 915 1033 insidens
937 1002 983 1033 ad
1003 1002 1178 1042 dextram,
1211 1005 1245 1034 in
1269 1014 1344 1034 area
1365 1013 1444 1042 uva,
1483 1006 1576 1044 spica
1599 1006 1633 1034 et
1654 991 1836 1039 cusentum,
1865 997 1925 1030 sub

296 1057 379 1089 uella
405 1059 556 1088 anterior
577 1067 662 1098 pare
692 1059 794 1088 tauri.
839 1057 927 1088 Pone
952 1067 1013 1091 τῆη
1037 1058 1111 1091 btv:-
1154 1059 1183 1100 )(
1233 1059 1292 1091 Vir
1315 1060 1404 1090 melta
1427 1060 1565 1090 Persico
1587 1059 1689 1090 sellae
1711 1056 1858 1089 insidens
1882 1054 1928 1086 ad

297 1113 469 1152 dextram,
508 1117 587 1144 ante
609 1123 678 1144 enm
699 1112 815 1155 globus
837 1114 948 1145 alatus·
969 1120 1000 1144 et
1023 1114 1183 1146 caudatus
1213 1114 1352 1156 (Fervet
1383 1126 1409 1147 s.
1438 1116 1553 1157 genius
1575 1113 1760 1155 tutelaris),
1789 1112 1926 1144 inferius

297 1181 404 1202 arcus.
450 1169 538 1201 Pone
561 1168 687 1200 litterae
710 1169 838 1202 2722an
882 1168 934 1202 E'x
958 1169 1108 1213 exemplo
1131 1171 1351 1211 Londinensi‚
1374 1171 1423 1203 cf.
1446 1171 1571 1203 Dutens
1594 1182 1625 1213 p.
1642 1173 1693 1202 20.

423 1226 465 1258 D.
507 1225 805 1270 Eadembadversa.
837 1226 866 1268 )(
904 1226 982 1258 Duo
1011 1230 1082 1259 viri
1110 1237 1155 1259 etc
1184 1228 1321 1259 adverso
1351 1232 1496 1267 stantes,
1535 1238 1667 1270 qaorum
1698 1227 1785 1258 alter
1808 1223 1924 1262 nudus,

298 1284 386 1315 alter
403 1285 586 1325 peregrino
609 1282 698 1314 cultu
720 1286 860 1314 vestitus
883 1288 942 1315 eet.
987 1282 1023 1314 In
1046 1285 1153 1315 medio
1176 1295 1287 1316 eorum
1308 1285 1405 1316 arula
1423 1283 1445 1315 l.
1462 1283 1691 1315 candelabrum
1706 1289 1738 1313 et
1752 1279 1925 1323 epigraphe

298 1338 426 1373 37333ηὲ
478 1338 529 1370 Ex
560 1338 708 1380 exemplo
738 1339 905 1378 Parisino,
938 1341 970 1371 ni
1000 1339 1112 1379 fallor,
1148 1341 1288 1380 inedito,
1319 1341 1403 1383 quod
1432 1352 1538 1372 meum
1566 1341 1599 1371 in
1630 1350 1725 1370 usum
1752 1336 1926 1368 delineavit

300 1395 567 1437 Hohlenbergius
591 1393 742 1435 (tablette
767 1398 840 1436 61).
1252 1384 1258 1392 ⁸

394 1447 399 1452 ’
425 1452 465 1484 Ε.
514 1451 622 1493 Caput
644 1451 814 1484 adversam
839 1453 996 1485 muliebre
1018 1453 1238 1485 diadematum
1261 1457 1385 1496 sparsis
1414 1453 1568 1486 crinibus.
1607 1453 1633 1495 )(
1671 1451 1779 1493 Caput
1800 1448 1924 1481 modice

298 1508 469 1541 barbatam
499 1509 667 1550 galeatum
696 1508 742 1540 ad
768 1512 946 1541 sinistram.
995 1509 1080 1541 Ante
1108 1518 1220 1544 amnti.
1273 1511 1324 1542 Ex
1359 1510 1506 1553 exemplo
1537 1510 1683 1542 Parisino
1711 1507 1751 1539 cf.
1783 1504 1923 1537 Pellerin

297 1564 340 1608 pl.
361 1568 422 1597 122
447 1574 501 1597 no.
518 1567 548 1597 7.
586 1563 714 1596 Dutens
736 1563 779 1606 pl.
795 1568 811 1597 1
837 1576 887 1596 no.
907 1568 936 1598 5.
973 1565 1181 1598 Bellermann
1206 1570 1236 1605 1,
1259 1569 1310 1599 27.

423 1619 471 1655 Ut
500 1620 540 1652 ab
570 1620 769 1652 emblematis
800 1622 926 1652 initium
950 1621 1123 1662 faciamus,
1161 1624 1256 1656 Iovis
1277 1628 1386 1668 imago
1408 1625 1442 1655 in
1465 1622 1673 1666 plurimorum
1697 1622 1848 1657 adversa,
1883 1619 1923 1650 ad

296 1679 523 1721 impensiorem
551 1675 638 1708 Iovis
672 1678 754 1719 apud
787 1676 905 1709 Cilices
934 1684 965 1709 et
994 1680 1134 1710 maxime
1168 1679 1347 1713 Tarsenses
1378 1680 1498 1712 cultum
1527 1681 1682 1722 pertinet,
1723 1679 1754 1709 in
1788 1686 1923 1719 quorum

298 1735 404 1767 numis
426 1735 522 1765 etiam
548 1735 763 1775 imperatoriis
786 1735 898 1765 eadem
921 1734 1007 1766 Iovis
1030 1737 1138 1778 imago
1162 1745 1323 1779 comparet
1351 1736 1496 1780 (Eckhel
1519 1736 1565 1767 111
1587 1747 1616 1778 p.
1641 1738 1692 1767 71.
1715 1734 1793 1776 72):
1826 1742 1924 1775 quan-

298 1802 392 1835 quam
415 1791 528 1821 eadem
550 1789 655 1832 figura
679 1791 774 1820 etiam
797 1791 830 1821 in
854 1797 982 1821 moneta
1004 1790 1124 1834 Nagidi
1146 1791 1281 1825 Ciliciae
1304 1796 1461 1836 reperitur
1485 1790 1633 1834 (Eckhel
1654 1803 1685 1834 p.
1709 1793 1760 1822 61.
1778 1791 1861 1830 413)
1892 1794 1924 1818 et

298 1848 560 1890 augustissimum
591 1847 687 1877 totius
718 1844 852 1877 Ciliciae
884 1846 1035 1889 templum
1069 1847 1140 1880 Iovi
1169 1858 1388 1882 consecratum
1424 1856 1493 1880 erat
1529 1848 1652 1887 Olbae,
1688 1849 1778 1879 cuius
1807 1846 1924 1877 summi

297 1904 481 1936 sacerdotes
510 1901 606 1944 longe
636 1903 788 1934 ditissimi
818 1909 849 1934 et
877 1905 1091 1945 potentissimi
1126 1904 1167 1936 ab
1197 1908 1335 1949 antiquis
1367 1907 1442 1938 inde
1474 1904 1671 1948 temporibus
1705 1902 1924 1935 Trachiotidis

298 1961 453 2002 dynastae
482 1965 513 1990 et
536 1958 658 1990 domini
679 1958 809 1990 fuerunt
837 1960 885 1999 (v.
911 1959 1060 1992 strabon.
1083 1960 1168 1993 XIV
1190 1973 1219 2004 p.
1235 1962 1318 2005 989)
1341 1962 1519 2006 multosque
1543 1972 1656 1994 numos
1678 1966 1849 1997 mserum,
1883 1959 1922 1989 de

297 2017 412 2060 quibus
435 2016 559 2047 erudite
582 2022 715 2057 egerunt
737 2014 888 2056 Belleyus
917 2016 1111 2058 (Memoires
1135 2019 1174 2050 de
1196 2018 1307 2051 l'acad.
1331 2019 1419 2051 XXI
1441 2031 1471 2061 p.
1489 2021 1573 2059 421)
1595 2025 1626 2049 et
1648 2016 1823 2049 Eckhelius
1846 2014 1922 2056 (Ill,

298 2085 327 2116 p.
350 2076 391 2105 62
416 2072 518 2115 sqq.)
551 2091 589 2096 -
635 2071 686 2103 De
715 2072 910 2114 imaginibus
940 2074 1112 2114 adversae,
1148 2076 1181 2106 in
1216 2086 1278 2118 qua
1305 2077 1421 2118 partim
1450 2075 1502 2107 leo
1532 2083 1580 2107 est
1602 2082 1728 2106 taurum
1752 2082 1922 2104 cervumve

297 2131 475 2168 devorans,
513 2130 627 2171 partim
650 2129 699 2159 vir
721 2128 805 2160 cultu
830 2131 954 2170 persico
976 2129 1126 2170 indutu's,
1163 2131 1239 2163 olim
1263 2134 1308 2163 ita
1329 2132 1529 2171 statuebam,
1565 2138 1600 2163 ut
1630 2130 1780 2173 exempla
1802 2129 1920 2161 cultum

297 2186 461 2218 Persicum
492 2196 568 2227 prae
597 2196 631 2217 se
660 2185 796 2217 ferentia
825 2186 884 2227 (ut
906 2185 940 2217 C.
963 2186 1004 2219 D.
1029 2187 1079 2230 E)
1113 2189 1152 2220 ad
1175 2188 1339 2220 Persicam
1363 2187 1497 2220 Ciliciae
1519 2195 1675 2226 aetatem,
1705 2186 1829 2229 reliqua
1850 2196 1921 2217 cum

296 2241 391 2274 leone
425 2250 552 2274 taurum
588 2253 758 2273 cervumve
790 2243 982 2281 devorante,
1020 2244 1103 2286 quod
1138 2246 1234 2276 etiam
1270 2247 1305 2276 in
1341 2245 1413 2277 aliis
1450 2247 1519 2277 eius
1548 2245 1691 2287 regionis
1719 2242 1921 2275 numismatis

297 2306 478 2342 comparet,
509 2299 549 2330 ad
571 2298 751 2330 Alexandri
772 2298 884 2341 Magni
907 2301 1071 2331 victoriam
1095 2301 1135 2332 ad
1156 2300 1259 2333 Issum
1283 2309 1475 2344 reportatam
1498 2301 1652 2334 referrem
1675 2302 1724 2342 (v.
1749 2298 1920 2341 Ephemer.

298 2348 359 2387 liti.
380 2354 456 2387 Hal.
482 2358 562 2386 1825
587 2354 627 2386 Τ.
653 2358 681 2386 1.
705 2366 737 2397 p.
763 2356 858 2397 520).
909 2355 1004 2387 Nunc
1034 2364 1139 2389 tamen
1169 2369 1233 2389 non
1258 2358 1386 2398 dubito,
1426 2360 1502 2402 quin
1531 2358 1592 2390 hoc
1616 2367 1740 2400 quoque
1762 2353 1920 2386 emblema

299 2411 339 2443 ad
361 2411 503 2443 Persiam
526 2412 701 2453 pertineat,
726 2412 934 2454 arguentibus
956 2413 990 2444 id
1012 2415 1080 2445 eius
1103 2416 1231 2456 generis
1254 2417 1358 2447 numis
1375 2417 1407 2446 in
1424 2415 1538 2458 quibus
1554 2414 1605 2445 leo
1620 2421 1746 2445 taurum
1762 2412 1919 2443 devorans

298 2477 371 2498 cum
393 2467 592 2500 emblematis
610 2468 748 2499 Persicis
771 2468 936 2510 copulatus
951 2478 1000 2500 est
1022 2469 1100 2511 (litt.
1117 2470 1173 2512 F).
1218 2471 1277 2503 Est
1291 2479 1396 2504 autem
1410 2472 1471 2503 hoc
1485 2472 1608 2514 imperii
1627 2470 1746 2501 Persici
1762 2466 1920 2499 emblema

300 2522 496 2555 simillimum
518 2524 603 2563 illis,
640 2535 720 2566 quae
744 2526 778 2556 in
801 2528 1015 2557 monumentis
1038 2533 1069 2557 et
1090 2526 1242 2568 cylindris
1272 2529 1313 2570 (i.
1334 2539 1361 2561 e.
1385 2527 1513 2560 annulis
1535 2526 1742 2570 signatoriis)
1765 2525 1920 2564 Persepo-

300 2577 409 2610 litanis
439 2586 471 2610 et
498 2579 686 2621 Babyloniis
716 2589 917 2623 comparent,
955 2583 989 2614 in
1018 2583 1132 2626 quibus
1161 2585 1256 2616 modo
1287 2586 1338 2616 leo
1371 2592 1532 2627 comparet
1554 2587 1739 2616 unicornem
1762 2582 1919 2612 devorans

301 2634 391 2676 (Ker
415 2634 526 2667 Porter
548 2636 685 2670 Travels
708 2637 748 2670 Τ.
772 2638 787 2669 I
808 2638 852 2680 pl.
880 2639 941 2681 35)
971 2640 995 2671 i.
1017 2650 1045 2671 e.
1075 2642 1110 2672 ni
1139 2640 1234 2673 fallor
1267 2642 1379 2673 Persia
1410 2643 1587 2672 vicinorum
1618 2648 1791 2680 regnorum
1820 2647 1919 2668 unum
