2242 2976
348 256 356 264 ·
418 239 453 271 C.
501 236 680 271 NOMINA
703 237 891 271 PROPRIA
914 237 1136 271 HOMINUM
1158 236 1218 270 ET
1239 235 1432 270 DEORUM
1455 235 1721 271 EXPLICATA.

298 334 496 364 Atheniensis
518 333 692 374 ἰσοτελοὺς,
723 334 851 365 Boeckh
876 335 915 365 C.
941 335 1034 366 inser.

299 387 315 417 Ι
337 397 376 427 p.-
389 389 463 418 519.

258 461 307 493 Pe
317 462 426 493 lorus
437 486 445 501 ,
463 463 847 504 gubernatorHannibalie,
864 465 917 504 qui
925 464 1036 495 Peloro

300 516 422 546 Siciliae
440 517 652 557 promontorio
666 527 780 560 nomen
795 517 910 546 dedisse
925 517 1038 548 dicitur

300 569 371 599 Val.
397 569 483 599 Max.
512 572 543 607 8,
567 572 598 608 8,.
633 570 710 600 Mel.
736 571 768 607 7,
793 574 825 600 2.
850 570 924 600 Isid.
944 570 1033 610 Orig.

300 621 352 659 14,
370 624 403 652 7.
448 622 533 651 Num
547 627 593 652 est
608 625 668 655 ni&
683 622 724 665 ’23
740 636 784 650 =
797 625 858 655 ῆῆκ
871 623 932 664 ⁷:³2³.
954 621 1039 652 Baoel

302 671 376 703 lucis
392 674 415 703 i.
434 684 462 703 e.
482 672 583 712 Solis,
608 674 703 715 ellipt.
724 685 781 715 pro
805 671 838 708 ’κ
859 673 885 707 'a
905 682 965 707 Ὦ»
978 675 994 704 ⁴?

260 748 468 788 Φαμαίας,
488 760 659 790 cognomen
668 751 836 789 Imilconis,
853 753 935 792 App.
950 753 1032 782 Pun-

299 805 352 832 97.
381 806 453 832 100.
477 805 550 832 101.
569 802 643 840 104,
668 803 798 842 Φαμέας
818 805 883 833 Dio
898 805 982 834 Cass.
1001 804 1034 833 in

296 854 397 884 Bekk.
420 854 541 884 Anecd.
566 865 611 894 gr.
638 859 668 892 1,
693 856 766 886 124.
791 857 924 887 Hamsk.
940 857 1029 887 diatr-

296 917 329 946 p.
347 908 389 937 42
408 907 469 937 hoc
491 917 606 937 nomen
628 914 692 939 5723>
715 909 861 948 scriptum
882 910 915 939 in
936 911 1030 939 inscr-

295 959 450 999 Tuggensi
467 961 623 990 invenisse
637 961 696 990 sibi
711 961 884 999 videbat-ur,
909 962 961 991 sed
978 971 1034 1000 per

297 1021 452 1041 errorem:
483 1017 589 1042 contra
612 1012 805 1042 scribendum
822 1013 899 1042 illud
912 1013 1035 1043 videtur

296 1071 372 1104 7339-
400 1064 462 1103 adj.
488 1074 506 1093 a
527 1071 587 1105 ²³2³?
610 1065 690 1094 ictus
712 1066 832 1103 mallei,
864 1066 971 1102 incus,
1004 1070 1035 1094 et

296 1105 465 1156 significare
502 1111 679 1154 malleator,
720 1118 791 1148 coll.
823 1114 1035 1157 Μακκαβαῖος

296 1177 376 1215 ’ξ’-ξη-
398 1174 430 1198 et
449 1169 579 1200 Carolus
600 1166 792 1200 Marullus(

254 1234 390 1275 Φέλης
409 1245 467 1265 rex
491 1236 569 1275 Tyri
594 1236 657 1266 Jos.
682 1246 709 1265 c.
735 1237 797 1276 Ap.
821 1238 852 1274 1,
871 1238 930 1273 18,
962 1236 1031 1265 cod.

296 1289 402 1318 Haun.
422 1293 453 1318 et
467 1288 548 1327 apud
557 1289 649 1327 Sync.
667 1299 700 1328 p.
711 1289 772 1319 345
783 1288 881 1318 Dind.
902 1286 1034 1328 Φέλλης,

298 1339 359 1385 κ’ξξ
380 1341 524 1381 insignia,
557 1341 704 1379 eximius,
736 1342 777 1371 cf.
799 1341 887 1370 hebr.
914 1339 1030 1386 ι-ῃκξῑξ.

299 1394 451 1434 Congruit
471 1392 571 1423 Phelis
596 1404 655 1424 rex
674 1393 871 1424 Sidoniorum
894 1399 1033 1434 tempore

296 1447 371 1476 belli
388 1446 536 1487 Trojani,
559 1447 647 1476 Dict.

258 1511 312 1542 Pk
321 1511 377 1542 ila
385 1524 400 1542 e
407 1513 444 1542 ni
459 1512 568 1543 fratres
584 1513 706 1543 Sallust.
720 1513 788 1553 Iug.
799 1515 853 1544 79.
879 1513 1033 1543 Graecum

298 1565 397 1596 videri
409 1566 522 1605 possit,
546 1564 681 1606 φίλαινοι
696 1565 794 1595 laudis
807 1573 955 1604 amantes,
979 1566 1032 1595 sed

294 1618 354 1651 sub
368 1617 469 1648 forma
484 1608 681 1658 graecissante
694 1619 769 1648 latet
782 1617 859 1665 3325·
874 1617 1031 1656 mirabilis,

296 1671 446 1707 eximius,
472 1670 513 1699 cf.
593 1666 604 1678 ⁷

259 1736 289 1767 Φ
299 1748 309 1766 ι
317 1737 335 1766 λ
342 1734 362 1766 ά
371 1747 396 1766 ω
403 1747 421 1766 ν
434 1736 568 1766 hominis
578 1736 685 1776 Cyprii
695 1747 808 1766 nomen
817 1737 934 1768 Herod.
941 1740 971 1775 8,
981 1740 996 1767 1
1003 1742 1016 1767 1
1023 1758 1031 1767 .

255 1801 520 1842 Πυγμαλίων,
557 1813 614 1832 rex
635 1803 714 1842 Tyri
740 1808 771 1832 et
797 1803 910 1843 Cypri,
942 1804 1032 1833 etiam

302 1853 491 1895 Φυγμαλίων
514 1856 746 1895 scriptum‘Jos.
770 1866 798 1885 c.
822 1856 884 1894 Ap.
913 1859 943 1893 1,
978 1859 1030 1886 18.

296 1907 443 1947 Apollod.
482 1911 500 1937 3
512 1930 521 1945 ,
557 1908 609 1938 14.
669 1909 775 1938 Altera
801 1909 934 1938 nominis
964 1919 1033 1948 pars

297 1965 382 1990 certo
403 1964 449 1989 est
469 1959 570 2002 ’μὴν
604 1961 641 1990 de
662 1961 765 2000 priore
785 1961 922 2001 ambigo,
954 1962 1032 1991 sitne

297 2013 350 2043 ina
371 2017 437 2061 02¹2?-
460 2011 567 2053 pollex
591 2014 613 2043 i.
639 2023 669 2043 e.
698 2013 809 2052 digitus
838 2012 928 2054 (hist.
954 2014 1029 2054 ling.

295 2054 384 2095 hebss.
401 2058 433 2105 p.
452 2063 552 2105 229),
581 2076 619 2095 an
642 2069 703 2105 αἵθ
722 2079 765 2092 =
781 2070 841 2106 0³3¹?
862 2067 966 2104 incus,
996 2071 1033 2096 ut

297 2117 378 2158 ’μή-’9
392 2123 453 2149 βενε)
469 2118 508 2147 sit
521 2128 566 2157 qs.
577 2118 708 2148 'malleus
722 2118 797 2155 Dei,
821 2118 924 2148 herois
938 2119 1032 2159 apfis-

295 2171 406 2200 simum
425 2180 550 2200 nornen.
582 2171 653 2200 Hoc
668 2175 769 2200 tamen
782 2170 933 2210 praefero.
968 2171 1032 2200 Mi-

298 2233 356 2252 nus
370 2223 542 2262 probabiles
558 2224 776 2262 explicationes
789 2223 860 2253 vide
874 2234 923 2263 ap.
934 2224 1028 2253 Ham.

296 2285 328 2315 p.
356 2279 430 2306 203.
455 2276 529 2306 204.
577 2267 749 2315 Corruptae
762 2281 862 2305 autem
879 2277 1030 2306 scribendi

297 2327 446 2365 rationes,
479 2333 515 2357 ut
546 2327 726 2368 Φυγαλίων,
760 2327 953 2369 Μυγδαλίων
978 2339 1028 2371 ap.

298 2380 390 2419 Sync.
427 2379 615 2422 Physmanon
646 2381 762 2410 Euseb.
788 2392 906 2411 armen.
918 2404 926 2419 ,
967 2392 1035 2411 non·

295 2441 370 2461 curo
383 2453 393 2468 ‚
432 2443 603 2472 quanquam
625 2432 818 2474 Μυγδαλίων
835 2439 940 2474 aptum
962 2439 1031 2474 ety-

297 2494 371 2514 mon
387 2484 476 2514 offert
497 2485 508 2525 (
520 2485 602 2528 μὴ,
614 2494 674 2530 7373
703 2486 818 2515 donum
839 2485 1007 2526 Altissimi)
1019 2509 1028 2525 ,

299 2541 330 2565 et
344 2536 471 2567 fortasse
485 2538 598 2568 nomen
613 2538 815 2569 Phoenicium
831 2543 894 2569 erat
908 2539 1030 2569 aliunde

297 2593 417 2618 notum.

1809 241 1884 278 413

1106 330 1316 373 Πύματος,
1342 334 1391 363 vir
1410 334 1566 371 Citiensis,
1590 333 1705 363 Athen.
1729 333 1787 371 IV,
1810 344 1877 374 pag.

1150 389 1212 416 167
1234 386 1278 415 D.
1331 386 1380 416 An
1412 392 1456 416 est
1477 397 1494 415 a
1517 394 1597 432 &72³5
1621 384 1679 417 os?
1716 385 1880 425 phoenicio

1147 449 1234 468 more
1251 445 1334 471 nmo
1346 460 1355 476 ,
1377 439 1459 469 unde
1476 438 1626 482 Pymaios,
1650 444 1686 469 ut
1698 436 1880 471 Rubricatus

1148 498 1252 526 nvn:
1270 500 1318 525 75.

1105 593 1252 626 Ricoce
1262 619 1271 634 ,
1299 596 1382 626 sufes
1400 596 1542 637 Carthag.
1557 598 1590 626 in
1605 595 1700 626 numo
1715 595 1792 636 (tab.
1813 594 1879 636 16).

1120 670 1123 673 -
1149 649 1257 687 Quum
1278 650 1310 679 in
1335 651 1460 679 nomine
1483 650 1628 680 audacius
1653 653 1808 691 contracto
1825 648 1882 678 ali-

1148 702 1223 742 quid
1242 702 1416 732 audendum
1431 703 1573 733 videatur
1583 724 1592 740 ,
1615 703 1740 732 videant
1753 700 1879 738 eruditi,

1145 755 1283 794 possitne
1297 760 1400 785 ortum
1414 766 1480 785 esse
1495 766 1536 785 ex
1550 754 1729 785 Berichmoc
1751 753 1799 794 (m
1823 764 1880 783 ex-

1144 811 1232 836 truso
1253 812 1290 836 ut
1312 809 1345 838 in
1374 806 1511 837 Oesalces
1527 817 1584 847 pro
1610 804 1814 846 Osmalc-es)
1837 819 1881 833 =

1145 858 1210 904 ’σξη
1225 865 1301 905 3⁵7²}
1328 859 1494 890 benedictus
1513 871 1533 889 a
1548 857 1631 900 Rege
1651 860 1672 889 i.
1687 871 1715 890 e.
1730 859 1834 889 Baale.

1101 962 1127 993 S
1133 975 1151 993 α
1161 963 1256 994 hura
1266 988 1275 1003 ‚
1295 962 1492 1007 Σαβούῥρας,
1507 964 1572 994 dux
1585 964 1690 1002 Iubae,
1708 964 1797 994 Caes.
1815 963 1876 993 civ.

1144 1019 1176 1054 2,
1203 1020 1256 1047 38.
1285 1018 1367 1058 App.
1397 1018 1458 1048 civ.
1484 1020 1516 1054 2,
1544 1017 1596 1047 45.
1628 1019 1659 1055 4,
1689 1017 1741 1060 54.
1789 1015 1878 1062 *2³:²22

1143 1068 1278 1106 fractus,
1310 1070 1361 1098 cui
1385 1070 1561 1099 membrum
1583 1070 1716 1099 fractum
1739 1074 1786 1098 est
1799 1069 1878 1099 Lev.

1145 1124 1198 1150 22.
1230 1124 1283 1159 22.
1341 1122 1486 1150 Fortasse
1520 1126 1584 1151 erat
1611 1132 1780 1161 cognomen
1805 1121 1879 1150 huic

1146 1173 1218 1203 duci
1232 1184 1249 1202 a
1262 1173 1392 1203 vulnere
1403 1174 1535 1212 quodam
1550 1173 1722 1204 honorifico
1732 1174 1877 1203 inditum.
1910 1202 1913 1205 ,

1102 1223 1295 1264 Σάδιὸος,
1325 1225 1407 1254 filius
1430 1226 1572 1263 Saturni,
1605 1225 1697 1255 Philo
1719 1226 1811 1266 Bybl.
1838 1229 1879 1256 30

1147 1278 1247 1308 Orell.
1273 1279 1353 1319 Ἶῆτιξ
1374 1282 1495 1317 potens.

1103 1330 1133 1360 Σ
1140 1327 1287 1366 άδυκος
1323 1330 1505 1360 Cabirorum
1526 1335 1629 1370 pater,
1653 1330 1797 1359 Damaso.
1826 1341 1875 1370 ap.

1120 1407 1125 1415 .
1143 1383 1291 1413 Photium
1307 1394 1339 1423 p.
1357 1385 1418 1414 352
1435 1383 1535 1412 Bekk.
1548 1406 1556 1420 ,
1582 1384 1635 1422 qui
1650 1380 1755 1413 Συδὺκ
1769 1383 1879 1412 scribi—

1142 1440 1195 1466 tur
1223 1446 1272 1476 ap.
1305 1435 1388 1465 Phil.
1417 1435 1508 1475 Bybl.
1539 1446 1572 1475 p.
1603 1438 1644 1465 22
1676 1436 1774 1465 Orell.
1791 1459 1799 1473 ,
1848 1441 1878 1464 et

1146 1487 1263 1524 δίκαιος
1278 1489 1465 1528 explicatur,
1490 1492 1538 1517 est
1551 1488 1633 1517 enim
1647 1495 1736 1530 PU:-
1789 1511 1792 1513 Α

1102 1540 1223 1582 Saepo
1247 1542 1296 1572 vir
1320 1543 1463 1578 Poenus,
1493 1541 1587 1571 inser.
1609 1540 1716 1578 Grut.,
1742 1540 1877 1571 conferri

1143 1598 1246 1633 potest
1275 1597 1335 1640 im}
1370 1593 1528 1635 (specula)
1566 1604 1599 1622 n.
1628 1604 1676 1633 pr.
1710 1593 1790 1622 Gen.
1822 1595 1875 1628 36,

1146 1649 1197 1676 11.
1223 1649 1275 1677 15-

1101 1696 1301 1737 Salitthu,
1342 1709 1376 1728 n.
1397 1710 1446 1739 pr.
1478 1698 1635 1735 mulieris,
1674 1697 1767 1727 inser.
1792 1698 1873 1727 Pun.

1142 1751 1212 1781 Lat.
1230 1751 1331 1791 Lugd.
1359 1750 1409 1791 (p.
1428 1750 1524 1791 210).
1569 1751 1653 1780 Num
1666 1750 1877 1790 reponendum

1144 1803 1294 1834 Salittha?
1321 1804 1447 1849 Γιῳξτῤ.

1101 1854 1370 1893 Samsuricus,
1413 1856 1516 1886 fossor
1551 1856 1692 1893 Poenus,
1740 1856 1873 1896 August.

1143 1908 1214 1951 adv.
1244 1908 1392 1938 Crescon.
1420 1911 1457 1945 3,
1483 1910 1523 1938 29
1536 1930 1544 1945 ,
1582 1908 1654 1940 fort.
1684 1910 1744 1941 ἾἾΝ
1774 1910 1852 1952 ῑύᾎᾞ
1865 1931 1872 1945 ,

1144 1961 1246 1990 addita
1259 1961 1473 1991 terminatione
1489 1961 1593 1990 latina.

1102 2011 1270 2050 Sanan,
1302 2014 1341 2043 al.
1366 2014 1436 2043 cod.
1461 2012 1610 2051 Senanes,
1649 2018 1765 2054 martyr
1788 2013 1876 2043 Afn‘-

1145 2076 1251 2102 canus,
1265 2065 1397 2106 August.
1408 2066 1497 2106 epist.
1517 2068 1555 2095 16
1569 2064 1635 2105 .(cf.
1652 2065 1871 2106 Namphanio).

1144 2118 1301 2148 Posterius
1318 2120 1485 2158 genuinum
1500 2112 1610 2148 censeo
1626 2122 1716 2158 atque
1738 2118 1875 2147 scriben-

1144 2171 1216 2200 dum
1241 2177 1293 2203 1:3⁷:
1318 2178 1368 2204 *w
1390 2166 1533 2212 princeps
1557 2171 1688 2211 gratiae,
1720 2183 1735 2199 r
1755 2171 1874 2200 abiecto

1143 2224 1184 2253 cf.
1211 2224 1347 2253 Gulalsa.
1535 2218 1536 2221 ¹

1101 2273 1423 2316 Σαγχουνιάθων
1433 2298 1441 2314 ,
1469 2285 1574 2305 rerum
1589 2275 1720 2314 scriptor
1736 2274 1874 2305 Phoeni-

1142 2329 1208 2357 cius
1232 2327 1291 2368 (cf.
1313 2339 1344 2368 p.
1360 2326 1442 2367 342)
1465 2328 1580 2357 Euseb.
1596 2337 1702 2366 praep.
1718 2337 1768 2357 ev.
1790 2331 1819 2364 1,
1839 2331 1869 2356 6.

1141 2380 1295 2420 Porphyr.
1310 2381 1347 2411 de
1358 2381 1468 2410 abstin.
1486 2383 1504 2409 2
1518 2379 1546 2416 ξ.
1565 2381 1617 2416 56,
1642 2380 1732 2409 etiam
1746 2378 1874 2419 Σαγχω-

1141 2431 1262 2465 νιάθων
1284 2434 1399 2464 Euseb.
1420 2436 1470 2469 10,
1488 2442 1519 2471 p.
1538 2432 1608 2462 485.
1630 2431 1818 2461 Theodoret.
1835 2432 1873 2461 de

1141 2497 1240 2527 graec.
1269 2487 1367 2515 morb.
1391 2488 1410 2514 2
1421 2507 1428 2521 ,
1457 2487 1508 2514 28.
1542 2485 1628 2513 Suid.
1641 2507 1649 2522 ,
1687 2484 1872 2513 contractius

1142 2538 1339 2570 Σουνιαίθων
1353 2537 1468 2567 Athen.
1489 2540 1520 2574 3,
1539 2539 1578 2566 36
1600 2548 1631 2576 p.
1652 2539 1711 2566 126
1726 2535 1868 2574 casaub„

1143 2589 1357 2632 Σαγχονίαθος
1380 2589 1488 2629 Cyrill.
1520 2600 1548 2619 c.
1573 2590 1684 2619 Iulian.
1710 2592 1728 2619 6
1752 2599 1784 2629 p.
1808 2591 1870 2619 205
