2242 2976
606 295 817 328 HISTORIA
840 294 1113 330 LITTERARIA
1137 295 1197 330 ET
1220 296 1579 333 BIBLIOGRAPHIA.
1883 307 1906 343 3

279 389 550 422 BAn'rnnmmvus
572 390 762 422 Parisiensis
784 392 817 422 in
840 390 892 423 his
915 390 1062 434 legendis
1083 392 1272 424 industriam
1295 400 1468 434 posuerunt
1489 392 1584 435 plane
1606 394 1819 437 singularem,
1843 409 1905 440 qua

276 444 436 484 eflectum,
458 453 493 477 ut
515 446 736 490 plerarumque
759 445 936 479 litterarum
960 454 1115 490 potestate
1137 454 1224 479 recte
1246 448 1396 491 indagata
1409 451 1506 482 totius
1522 449 1792 494 palaeographiae
1807 453 1905 495 phoe-

276 501 381 533 niciae
396 510 517 534 certum
533 504 692 545 quoddam
707 504 949 535 fundamentum
966 505 1137 536 iaceretur:
1161 514 1343 547 quanquam
1359 504 1530 538 dolendum
1547 514 1607 546 est,
1632 507 1715 539 inter
1735 508 1795 540 hos
1817 511 1904 552 ipsos

274 559 461 591 duumviros
491 564 557 591 tum
587 560 626 591 de
654 561 774 602 primae
795 560 991 591 inventionis
1013 559 1107 592 laude
1130 568 1196 592 tum
1220 561 1259 592 de
1281 560 1479 603 singulorum
1503 570 1780 596 monumentorum
1804 567 1904 605 inter-

274 616 451 657 pretatione
474 615 620 647 acerbius
646 606 720 647 mox
740 623 955 657 concertatum
969 627 1052 651 esse.
1098 615 1169 654 Qua
1185 617 1225 648 de
1240 619 1459 649 controversia
1474 618 1576 661 deque
1592 621 1758 663 utriusque
1773 622 1902 665 ingenio

275 678 306 702 et
328 672 362 702 in
385 672 489 703 studia
510 671 679 714 phoenicia
702 673 823 704 meritis
853 673 897 704 ita
919 673 1124 704 iudicandum
1147 674 1282 706 videtur.
1329 672 1520 716 Quanquam
1549 678 1659 718 negari
1691 688 1754 709 non
1785 685 1901 721 potest,

274 727 449 759 Swintonis
471 729 591 770 primas
613 729 652 759 de
675 728 938 770 inscriptionibus
961 728 1074 760 Citieis
1097 736 1129 760 et
1151 730 1190 760 de
1214 730 1302 761 cifris
1336 729 1514 772 phoeniciis
1543 732 1783 765 dissertationes
1812 736 1902 776 prius

275 794 370 825 quam
392 783 491 815 ullum
514 795 553 831 ea
573 785 613 816 de
635 796 670 816 re
687 784 905 827 Barthelemyi
928 780 1071 816 libellum
1088 786 1247 827 prodiisse
1270 787 1379 828 (1750.
1400 789 1513 827 1753):
1536 786 1781 830 Barthelemyus
1795 797 1901 823 tamen

274 841 382 871 statim
403 841 436 871 in
461 842 582 882 prima,
613 852 694 883 quae
718 849 770 873 est
793 842 832 873 de
855 841 1019 873 Melitensi
1040 841 1195 884 bilingui,
1226 842 1362 873 diatribe
1385 844 1497 884 (1758)
1530 843 1706 876 Swintonis
1735 846 1902 879 conatibus

274 895 372 939 longe
394 896 626 928 excellentiora
645 899 818 939 praestitit,
847 905 879 929 et
898 904 1022 930 tantum
1045 898 1156 930 aberat
1179 898 1346 938 Swinton,
1380 905 1414 930 ut
1435 909 1507 931 eum
1531 901 1692 943 corrigere
1714 910 1841 944 posset,
1868 911 1902 935 ut

273 963 370 994 saepe
386 954 455 984 eins
470 964 597 984 errores
611 954 843 996 sequeretur“).
866 953 1007 985 Omnino
1025 953 1366 996 enimBarthelemyus
1380 957 1503 998 ingenii
1517 956 1692 988 subtilitate
1700 964 1734 989 et
1742 957 1902 1001 elegantia

273 1004 368 1051 atque
384 1009 527 1051 ingenito
544 1010 680 1051 quodam
695 1010 942 1052 pulchritudinis
958 1022 1068 1050 sensu,
1085 1013 1138 1054 qui
1154 1010 1234 1042 nihil
1251 1010 1345 1042 facile
1359 1012 1553 1051 admitteret,
1568 1021 1660 1055 quam
1675 1015 1757 1056 quod
1771 1014 1901 1058 linguae

273 1072 305 1096 et
321 1066 520 1097 monumenti
536 1067 699 1097 cuiusdam
720 1066 899 1098 rationibus
913 1068 1185 1099 accommodatum
1205 1074 1301 1106 esset,
1325 1078 1421 1109 quum
1439 1067 1511 1100 aliis
1528 1068 1637 1101 multis
1652 1076 1718 1100 tum
1735 1069 1901 1102 Swintone

272 1120 370 1165 longe
391 1125 536 1165 superior
558 1132 644 1163 erat,
669 1124 783 1167 quibus
807 1124 978 1156 virtutibus
1001 1123 1173 1156 accedebat
1192 1122 1364 1166 singularis
1386 1125 1500 1156 iudicii
1521 1123 1680 1157 sobrietas
1695 1132 1727 1157 et
1744 1127 1902 1159 modestia

273 1179 306 1209 in
329 1178 380 1211 his
403 1182 543 1211 maxime
571 1182 685 1213 studiis
708 1190 772 1212 non
795 1182 873 1213 satis
902 1181 1169 1212 commendanda:
1201 1179 1348 1212 Swinton
1377 1187 1505 1219 contra,
1533 1177 1681 1223 'quamvis
1705 1182 1902 1215 confidenter

273 1234 390 1277 ubique
419 1243 450 1267 et
480 1247 543 1268 non
573 1237 788 1269 sineacerba
818 1238 994 1269 adversarii
1018 1236 1267 1279 reprehensione
1287 1235 1430 1275 locutus,
1463 1236 1563 1269 multa
1583 1244 1689 1269 tamen
1713 1239 1901 1271 admittebat

273 1301 293 1322 a
314 1292 426 1323 iudicii
453 1294 655 1333 sinceritate,
687 1305 706 1325 a
726 1293 856 1336 linguae
878 1293 1056 1325 rationibus
1082 1300 1114 1324 et
1135 1304 1155 1324 a
1177 1294 1244 1324 veri
1263 1294 1370 1335 specie
1395 1293 1517 1325 aliena:
1549 1293 1757 1326 nihilominus
1779 1302 1811 1326 et
1832 1296 1901 1337 ipse

273 1342 313 1378 de
337 1347 500 1380 nonnullis
530 1349 800 1392 palaeographiae
829 1349 909 1381 locis
937 1349 1136 1381 illustrandis
1167 1349 1248 1380 bene
1277 1350 1430 1388 meritus,
1460 1351 1493 1381 in
1523 1352 1740 1382 monumentis
1768 1351 1900 1383 edendis

273 1403 446 1435 admodum
469 1404 625 1447 diligens,
656 1407 688 1437 in
716 1406 820 1447 iisque
842 1404 988 1448 legendis
1012 1405 1156 1443 felicior,
1188 1415 1282 1447 quarn
1305 1406 1340 1436 in
1362 1407 1609 1448 interpretandis
1637 1407 1687 1447 (v.
1709 1408 1738 1444 §-
1764 1409 1783 1438 8
1808 1413 1839 1437 et
1860 1408 1900 1438 ad

272 1458 378 1491 Melit.
401 1463 454 1501 2).
497 1461 697 1492 Fourmontii
719 1468 751 1492 et
773 1460 1054 1492 Benedictinorum
1085 1472 1187 1503 nugas
1216 1468 1316 1492 artem
1345 1461 1644 1504 palaeographicam
1667 1461 1899 1504 elegantiorum

274 1514 438 1547 hominnm
453 1518 565 1549 sannis
584 1524 783 1560 exponentes
806 1527 891 1549 nunc
913 1515 1043 1548 silentio
1065 1517 1288 1558 praeterimus,
1312 1517 1397 1548 infra
1420 1518 1471 1558 (ad
1487 1517 1591 1550 Melit.
1609 1518 1641 1560 1)
1663 1527 1772 1549 earum
1796 1520 1900 1560 speci-

272 1573 358 1603 mina
381 1572 496 1605 daturi.

397 1642 617 1685 Barthelemyi
641 1650 746 1675 autern
770 1651 802 1675 et
822 1643 997 1676 Swintonis
1020 1642 1124 1675 libelli
1148 1642 1182 1673 hi
1205 1649 1294 1674 sunt:

442 1716 494 1745 Jo.
517 1717 535 1745 J
540 1726 586 1746 Ac.
609 1714 845 1746 BAn‘mfimzm
868 1716 1054 1751 (academiae
1074 1715 1312 1755 inscriptionum
1340 1719 1371 1743 et
1392 1715 1564 1745 litterarum
1576 1715 1793 1748 humaniorum
1809 1719 1896 1756 socii,

356 1767 377 1804 †
399 1765 513 1807 1795):
550 1764 727 1809 Refleaeions
756 1779 807 1796 sur
829 1766 973 1808 lquelques
1003 1758 1171 1796 monumen-⁹
1200 1764 1369 1806 phe'niciens
1398 1773 1425 1794 et
1448 1778 1500 1794 sur·
1522 1765 1563 1795 les
1585 1766 1757 1808 alphabets,
1794 1770 1899 1810 quien
1947 1768 1950 1770 v

359 1816 514 1854 resultent,
539 1818 571 1846 in
594 1817 761 1847 Memoires
784 1819 822 1847 de
846 1819 866 1847 l'
875 1819 960 1848 acad.
985 1819 1038 1848 des
1060 1818 1258 1858 inscriptions
1286 1818 1326 1846 T.
1346 1818 1450 1846 XXX.
1476 1827 1509 1856 p.
1532 1818 1592 1848 405
1617 1818 1671 1855 (Τ.
1689 1820 1778 1849 LIII.
1797 1821 1846 1850 ed.
1867 1821 1898 1850 in

361 1869 476 1908 duod.)
486 1892 494 1906 ‚
534 1879 610 1907 quae
642 1870 858 1898 commentatio
886 1869 919 1898 in
947 1869 1100 1898 academia
1126 1868 1295 1898 Parisiensi
1328 1869 1358 1897 d.
1388 1872 1426 1898 12
1457 1868 1535 1908 Apr.
1576 1872 1656 1900 1758
1684 1871 1809 1900 recitata
1839 1873 1899 1911 agit

358 1920 396 1949 de
419 1920 671 1958 inscriptionibus
693 1921 796 1949 Melit.
823 1923 852 1957 1,
878 1920 940 1949 Cit.
959 1923 991 1950 2.
1011 1923 1042 1950 3.
1062 1920 1094 1957 4,
1118 1921 1199 1950 vasis
1223 1919 1441 1956 Panormitani,
1468 1924 1499 1949 et
1519 1930 1684 1951 numorum
1708 1923 1898 1961 quorundam

359 1971 558 2000 Sidoniorum
582 1975 613 1999 et
626 1971 925 2001 Panormitanorum.
949 1987 992 1993 ——
1024 1971 1243 2000 Emendatiora
1258 1970 1296 1999 de
1310 1970 1418 1999 iisdem
1440 1971 1568 2010 aliisque
1591 1974 1799 2003 monumentis
1816 1974 1897 2003 idem

357 2022 441 2051 dedit
462 2022 495 2050 iu
516 2021 619 2051 Leltre
641 2021 660 2050 ἁ
688 2021 756 2052 Μν.
775 2021 801 2051 le
816 2021 959 2063 Marquis
982 2021 1011 2050 d'
1021 2020 1146 2051 Olivieri
1166 2034 1205 2051 au
1225 2022 1299 2061 sujet
1318 2020 1354 2050 de
1375 2021 1510 2063 quelques
1533 2035 1700 2053 monumens
1725 2023 1896 2053 Pheniciens

360 2078 418 2102 cet.
450 2074 536 2102 Paris
558 2075 652 2102 1766.
684 2073 727 2110 4.,
760 2073 801 2102 cf.
823 2074 951 2102 Journal
965 2066 1019 2102 des
1036 2074 1169 2110 Savans,
1192 2073 1345 2102 Decemb.
1371 2075 1452 2102 1763
1474 2084 1506 2112 p.
1526 2074 1587 2105 245
1604 2086 1671 2114 sqq.
1718 2076 1799 2105 Vide
1818 2075 1897 2105 infra

357 2125 397 2153 ad
419 2125 514 2154 inser.
539 2124 641 2153 Melit.
669 2127 700 2153 1.
745 2124 795 2153 De
825 2125 1024 2164 inscriptione
1050 2124 1336 2164 Carpentoractensi
1358 2124 1440 2153 idem
1466 2124 1527 2164 egit
1553 2126 1718 2156 recentiori
1740 2137 1896 2155 commen-

359 2176 485 2213 tatione,
512 2177 550 2205 de
574 2185 634 2215 qua
654 2185 687 2205 v.
713 2175 754 2216 ad·
775 2176 868 2204 inser.
893 2185 946 2205 no.
972 2178 1025 2205 71.
1211 2178 1216 2182 “

444 2227 461 2256 J
465 2236 588 2256 oANms
613 2227 780 2256 Swnv'roN
803 2227 915 2262 (Aedis
932 2226 1050 2256 Christi
1066 2226 1255 2255 Oxoniensis
1271 2226 1358 2262 socii,
1383 2225 1404 2262 †
1430 2226 1528 2264 1784)
1558 2225 1770 2268 Inscriptiones
1788 2227 1896 2258 Citieae

358 2289 383 2307 s.
417 2278 449 2306 in
477 2279 565 2307 binas
596 2278 811 2316 inscriptiones
842 2277 1020 2316 phoenicias
1043 2278 1125 2306 inter
1148 2278 1262 2306 rudera
1289 2277 1363 2306 Citii
1394 2288 1493 2317 nuper
1518 2283 1654 2318 repertas
1686 2279 1891 2319 conjecturae.

358 2329 490 2358 Accedit
500 2329 536 2358 de
551 2329 686 2358 nummis
701 2329 885 2367 quibusdam
899 2328 1093 2357 Samaritanis
1108 2333 1139 2357 et
1146 2327 1320 2358 Phoeniciis
1386 2329 1571 2359 dissertatio.
1599 2330 1729 2367 Oxonii,
1746 2340 1763 2358 e
1777 2329 1893 2359 theatro

358 2379 564 2409 Sheldoniano
583 2382 677 2409 1750.
704 2379 735 2408 4.
755 2396 798 2401 -
820 2378 1033 2421 Descriptiones
1051 2377 1162 2408 Citieae
1176 2390 1199 2408 S.
1214 2380 1246 2408 in
1263 2378 1346 2408 binas
1361 2378 1439 2408 alias
1455 2381 1563 2409 inscrr.
1579 2380 1684 2420 phoen.
1704 2382 1892 2420 conjecturae.

359 2431 466 2461 Oxon.
493 2434 584 2461 1753.
619 2431 650 2459 4.
687 2432 735 2468 (v.
762 2430 842 2460 infra
864 2431 902 2459 ad
924 2431 1018 2460 inser.
1049 2430 1140 2467 Cim.
1172 2447 1211 2452 —
1255 2429 1290 2458 A
1319 2429 1508 2460 dissertation
1538 2442 1615 2471 upon
1644 2430 1691 2459 the
1715 2429 1893 2460 Phoenician

357 2481 492 2512 numeral
512 2482 684 2511 characters
699 2480 841 2518 antientby
854 2480 926 2510 used
937 2489 967 2510 at
982 2480 1089 2519 Sidon,
1114 2481 1147 2510 in
1160 2481 1278 2511 Philos.
1295 2482 1512 2511 Transactions
1535 2483 1605 2511 Vol.
1620 2484 1670 2512 50.
1695 2493 1726 2520 p.
1745 2483 1803 2511 791
1823 2490 1889 2518 sqq.

357 2548 393 2555 -
418 2533 473 2563 An
488 2540 608 2573 attempt
632 2540 661 2562 to
684 2531 810 2573 explain
836 2544 855 2561 α
874 2534 965 2573 punio
986 2533 1160 2572 inscription
1183 2531 1274 2573 Ζαὶεζγ
1295 2531 1466 2562 discovered
1486 2534 1516 2562 in
1539 2532 1586 2561 the
1607 2531 1713 2562 Islaml
1734 2530 1772 2572 qs
1788 2528 1890 2558 Malia

358 2584 433 2613 ibid.
470 2585 544 2614 Vol.
575 2586 634 2621 53,
666 2595 698 2624 p.
726 2584 787 2614 274
816 2593 882 2622 sqq.
921 2581 990 2624 (est
1019 2584 1121 2612 Melit.
1146 2587 1186 2621 2,
1222 2584 1278 2613 ubi
1310 2583 1412 2623 vide).
1446 2602 1484 2606 ——
1529 2582 1616 2612 Some
1652 2580 1780 2611 remarks
1816 2592 1891 2621 upon

343 2665 368 2698 1“)
387 2675 414 2694 v.
432 2668 521 2702 Bayer
539 2669 571 2694 ad
590 2669 711 2699 Sallust„
731 2669 870 2703 Palaeogr.
890 2667 1002 2694 Studien
1020 2677 1045 2701 p.
1066 2668 1108 2694 19.

1464 2720 1477 2745 1
1496 2717 1511 2734 *
