2242 2976
337 256 409 293 158
452 251 585 285 Lmen
600 247 848 282 SECUNDUS.
869 246 1209 281 tuscum-rioms
1223 247 1508 283 momumen-
1537 249 1936 291 ammonitarum.

1092 341 1200 376 XLtL
1525 365 1537 375 4,
1610 358 1689 369 .-,

701 408 1174 443 INSCRIPTIO
1225 408 1599 444 ERYCINA.·
1635 418 1658 425 ⁴·
1759 362 1763 386 ι

463 488 498 520 Ιιι
515 487 633 519 vicinia
648 487 766 519 montis
782 486 895 529 Erycis
910 487 1061 531 urbisque
1076 488 1278 530 cognominis
1298 487 1414 530 (hodie
1427 485 1571 531 Trapani
1586 487 1639 520 del
1654 489 1783 532 monte)
1798 497 1960 537 repertum

334 554 382 578 est
404 545 465 577 hoc
489 554 644 582 marmor,
673 536 764 576 cuius
779 545 903 587 copiam
920 555 962 576 ex
980 544 1130 576 Antonin
1143 541 1293 577 Cor-dicu
1308 542 1451 577 metor-‘a
1465 537 1605 586 Erycis,
1629 555 1709 588 quae
1723 552 1803 577 teste
1818 539 1966 604 castello

334 605 367 635 in
392 601 531 635 Sicilcae
553 603 652 632 thecr
675 610 760 632 nova
784 601 910 632 collect.
933 612 960 644 p.
983 603 1061 639 297,
1091 600 1174 642 apud
1205 599 1378 632 Schiavum
1409 601 1657 652 Panormitanae
1680 584 1835 635 ecclesiae
1863 591 1962 637 cauo-

335 661 440 691 nicum
462 668 558 689 manu
581 657 698 699 scripta
720 655 928 695 servabatur,
951 655 1109 688 Castellus
1131 667 1225 699 quem
1239 658 1335 689 modo
1349 658 1524 690 memoravi
1540 657 1617 690 fecit
1629 670 1672 707 p.
1689 660 1750 692 296
1773 658 1824 690 his
1846 654 1967 716 addiuq

335 714 456 746 verbis.
495 712 703 752 ‚‚Exstabat,
734 714 854 756 inquit,
885 713 1042 756 superiori
1070 711 1179 745 seculo
1210 712 1271 745 hoc
1298 724 1438 746 marmor
1465 713 1580 756 Erycis
1602 716 1635 747 in
1658 714 1792 748 aedibus
1812 701 1963 748 Bacchae
2028 716 2035 723 ”

334 770 482 809 Palmae,
512 781 550 801 ac
573 768 747 801 dolendum
770 780 864 812 quam
888 770 1047 808 maxime,
1087 768 1322 802 nobilissimum
1346 769 1408 802 hoc
1430 767 1623 803 Phoeniciae
1644 770 1829 804 literaturae
1851 781 1962 814 mount

335 835 476 859 mentum
508 825 574 858 sato
603 826 757 869 periisse,
796 826 841 857 ita
864 832 898 857 nt
925 832 997 867 post
1018 836 1130 858 omnes
1153 837 1246 858 curas
1273 833 1308 858 et,
1329 825 1515 871 diligentias
1536 818 1697 860 adbibitus
1719 826 1841 861 nullam
1861 826 1902 884 tle
1923 837 1962 866 eu

334 884 418 927 apud
442 883 598 924 Erycinos
621 882 809 913 memoriam
831 889 961 914 exstare
983 889 1181 924 compertum
1202 883 1255 914 sit.
1267 885 1290 903 ‘⁶

462 952 497 986 In
529 964 567 984 eo
596 952 836 995 interpretando
866 963 960 985 nemo
989 951 1074 984 nllus
1103 953 1187 994 quod
1217 954 1316 985 sciam
1350 953 1436 986 vires
1458 951 1655 997 periclitatus
1677 960 1746 994 est,
1782 964 1968 999 quanquam,

337 1010 426 1043 nulla
454 1010 586 1042 maioris
616 1008 755 1041 ambitus
790 1008 975 1049 inscriptio,
1013 1007 1138 1040 nullum
1174 1007 1311 1052 amplius
1339 1010 1499 1042 sermonis
1527 1009 1693 1042 phoenicii
1725 1011 1891 1053 specimen.
1917 1021 1962 1044 ex

336 1067 523 1110 antiquitate
543 1072 705 1097 servatum
728 1066 785 1101 sit3
816 1066 1008 1106 unicumque
1031 1064 1111 1103 hoc,
1141 1065 1228 1107 quod
1248 1072 1354 1097 exstat
1376 1064 1558 1109 exemplum
1581 1076 1658 1099 sane
1678 1067 1724 1098 ita
1746 1074 1965 1109 comparatum

335 1131 404 1161 est,
427 1130 459 1154 ut
476 1121 602 1165 plenam
619 1122 715 1152 totius
731 1121 928 1152 monumenti
946 1122 1239 1163 interpretationem
1255 1122 1311 1154 vix
1327 1121 1488 1160 admittat.
1515 1120 1619 1162 Quam
1636 1123 1739 1166 ipsam
1757 1122 1800 1155 ob
1815 1128 1967 1169 enimam

335 1190 416 1224 qnae
440 1189 499 1210 nos
522 1177 735 1215 tentabimus,
771 1183 923 1219 tanquam
945 1177 1125 1209 modestum
1148 1176 1272 1220 ingenii
1295 1176 1403 1221 lusum,
1421 1179 1528 1221 potins
1550 1189 1646 1223 quam
1667 1179 1968 1222 interpretationem

334 1243 454 1268 certam
478 1242 510 1266 et
530 1234 702 1276 perfectam
724 1233 921 1264 eruditorum
945 1233 1064 1266 iudicio
1086 1232 1292 1273 subiicimm,
1315 1235 1361 1266 ita
1379 1241 1486 1268 tamen
1508 1241 1740 1279 comparatam,
1763 1241 1799 1267 nt
1821 1234 1965 1278 humeri,

335 1292 452 1324 nostris
474 1291 626 1322 insistens
653 1300 736 1334 unus
758 1296 791 1320 et
812 1288 893 1321 alter
915 1289 1053 1322 fortasse
1076 1290 1109 1321 in
1133 1290 1296 1335 opinando
1326 1296 1359 1323 et
1380 1291 1581 1324 eoniiciendo
1609 1290 1735 1324 felicior
1764 1287 1895 1335 propius
1921 1289 1965 1331 ad

335 1349 501 1379 veritatem
523 1347 708 1379 adducatur.
1229 1340 1233 1344 ”

464 1413 507 1447 Ut
538 1415 663 1446 initium
691 1413 847 1446 faciamus
877 1412 917 1445 ab
947 1412 1140 1457 alphabeto,
1178 1414 1261 1458 quod
1290 1425 1334 1447 ex
1361 1413 1422 1447 hoc
1443 1413 1535 1448 titulo
1559 1415 1757 1449 confecimus
1780 1423 1815 1449 et.
1834 1414 1962 1448 tabulae

336 1472 534 1509 adiecimus,
562 1470 736 1502 notandum
758 1477 825 1508 est,
853 1470 931 1502 satis
955 1480 1102 1513 magnam
1126 1480 1198 1503 esse
1222 1471 1255 1503 in
1271 1470 1334 1503 hoc
1349 1478 1555 1504 monumento
1569 1470 1746 1515 figurarum
1762 1473 1962 1512 varietatem,

337 1535 370 1560 et
391 1527 596 1564 statuarium,
619 1533 654 1557 ut
677 1526 814 1564 videtur,
836 1526 869 1557 in
894 1526 1051 1557 variarum
1073 1524 1250 1567 figurarum
1274 1538 1332 1558 usu
1354 1526 1547 1571 elegantiam
1565 1527 1723 1572 quandam
1737 1534 1895 1572 captasse,
1917 1518 1966 1561 cf.²

337 1585 429 1619 humb
452 1593 496 1617 n:
519 1582 576 1616 liu.
594 1585 609 1614 1
635 1589 667 1614 et
692 1583 761 1617 §ma
784 1590 829 1615 n:
852 1580 907 1613 lin.
931 1584 961 1615 7.
1003 1580 1055 1612 De
1077 1582 1214 1627 singulis
1236 1582 1491 1615 observaverim:
1516 1583 1548 1625 1)
1571 1593 1593 1617 κ
1611 1590 1677 1619 ει,
1699 1582 1822 1616 litteras
1842 1584 1878 1616 ia
1899 1583 1961 1616 hoc

336 1640 428 1674 titulo
461 1640 599 1672 rariores
628 1649 721 1677 esse,
749 1649 843 1683 quam
873 1645 1060 1680 exspectes,
1088 1635 1224 1684 figuram
1247 1637 1351 1682 Aleph
1385 1638 1509 1672 litterae
1538 1650 1764 1682 nonnunquam
1788 1641 1960 1674 inversam.

337 1702 367 1738 2)
392 1697 445 1729 He
467 1695 601 1727 eandem
632 1694 751 1728 habere
773 1693 931 1742 figuram,
966 1704 1048 1739 quae
1073 1704 1095 1727 rt
1119 1702 1168 1725 est
1187 1695 1222 1726 in
1245 1693 1351 1737 lapide
1375 1693 1693 1739 carpentoractensi,
1727 1695 1773 1728 ita
1797 1703 1904 1728 tamen
1924 1702 1969 1740 ιιι4

336 1760 476 1795 potestas
499 1752 568 1782 eius
592 1752 624 1782 in
648 1750 710 1782 hoc
730 1739 938 1782 monumento
960 1757 1047 1782 certa
1070 1751 1121 1781 sit.
1173 1751 1205 1790 3)
1230 1749 1291 1782 Jod
1320 1750 1426 1782 simile
1458 1758 1508 1783 est
1538 1750 1652 1795 figuris
1677 1751 1806 1785 Punicis
1835 1762 1888 1785 no·
1910 1755 1965 1791 ¹2.

338 1812 387 1840 13.
414 1811 451 1840 18
476 1818 567 1851 (pag.
592 1808 670 1847 31),
708 1814 741 1838 ut
771 1807 810 1838 de
842 1808 913 1838 eius
943 1812 1097 1848 potestate
1119 1805 1258 1838 dubitari
1283 1817 1345 1838 non
1372 1808 1478 1850 possit.
1530 1806 1641 1839 Minus
1664 1814 1784 1841 certum
1808 1816 1856 1840 est
1879 1817 1923 1846 tu
1947 1819 1961 1844 τ

337 1873 368 1896 et
390 1874 409 1897 ε
434 1871 520 1895 certa
545 1864 680 1904 vestigia
703 1874 765 1894 non
789 1863 865 1894 vidi.
1015 1863 1017 1867 ’

466 1932 515 1963 De
531 1933 680 1964 universo
696 1940 801 1965 autem
822 1933 916 1965 titulo
931 1934 978 1965 sic
995 1939 1120 1972 statuo,
1143 1943 1216 1966 eum
1232 1931 1443 1976 sepulcralem
1459 1943 1531 1966 esse
1550 1941 1587 1980 *et
1606 1932 1753 1966 mulieris
1774 1945 1838 1967 non
1860 1928 1966 1979 magias

338 1988 456 2022 nobilis
479 1999 572 2031 quam
595 1988 765 2031 pulchrae,
796 1991 886 2022 cuius
910 2000 1025 2021 nomen
1049 1989 1089 2022 ab
1114 1990 1204 2022 initio
1226 1988 1362 2032 legitur,
1393 1987 1533 2032 elogium
1556 1990 1738 2028 continere,
1779 1989 1963 2034 luctumque

338 2047 377 2078 de
401 2047 469 2077 eius
484 2052 584 2076 morte
598 2044 790 2076 describere.
836 2044 989 2088 Singulae
1005 2044 1110 2076 lineae
1127 2045 1257 2076 totidem
1273 2053 1430 2077 commata
1447 2047 1515 2077 sive
1535 2045 1606 2078 cola
1621 2047 1784 2078 continere
1801 2047 1958 2086 videntur,

339 2102 475 2153 quuod
501 2100 550 2131 vel
574 2102 647 2132 inde
671 2100 825 2144 colligas,
865 2101 948 2143 qnod
974 2111 1092 2135 versus
1107 2104 1136 2132 2.
1155 2103 1184 2132 3.
1199 2105 1220 2132 4
1242 2102 1329 2147 iique
1353 2102 1469 2145 integri
1497 2113 1560 2135 non
1582 2102 1726 2136 eiusdem
1751 2101 1961 2146 longitudinis

339 2166 413 2190 sunt
443 2167 544 2200 neque
572 2168 672 2200 usque
702 2159 741 2189 ad
771 2157 887 2200 lapidis
916 2158 1092 2200 marginem
1116 2157 1301 2200 procedunt.
1346 2156 1512 2191 Orationis
1532 2166 1638 2192 autem
1659 2169 1837 2203 poeseosve
1857 2169 1961 2202 genus

338 2213 458 2257 grande
488 2213 638 2256 quiddam
667 2221 697 2244 et
726 2213 863 2246 sublime
894 2215 1013 2256 spirat,
1040 2212 1184 2246 Arabum
1208 2214 1275 2245 fere
1297 2215 1390 2257 poesi
1412 2213 1560 2247 heroicae
1587 2222 1621 2247 et
1642 2217 1817 2247 amatoriae
1839 2214 1956 2254 simile,

339 2266 465 2313 qualem
492 2269 647 2300 orationis
682 2269 820 2301 Punicae
849 2269 989 2302 indolem
1021 2269 1138 2308 fuisse,
1177 2271 1272 2302 etiam
1306 2281 1348 2302 ex
1385 2271 1593 2315 inscriptione
1623 2270 1789 2315 Tugg‘ensi
1816 2271 1959 2314 adeoque

340 2318 541 2358 nobilissimo
578 2323 684 2356 Plauti
715 2323 788 2356 loco
827 2324 979 2367 colligas,
1017 2337 1056 2357 ne
1087 2327 1127 2358 de
1158 2326 1246 2359 Afris
1274 2325 1373 2359 latine
1410 2326 1643 2367 scribentibus,
1682 2334 1718 2360 ut
1751 2325 1891 2369 Apulejo
1926 2335 1958 2359 et

341 2377 559 2421 Tisip-iliano,
589 2382 702 2413 dicam.
1911 2383 1919 2391 ⁶

463 2453 562 2487 Vers.
587 2457 614 2487 1.
639 2453 713 2485 inde
735 2451 775 2484 ab
798 2453 891 2484 initio
913 2452 1001 2495 lego:

875 2519 1036 2555 own-³:12
1068 2523 1123 2554 n:
1155 2508 1271 2558 §aab
1303 2509 1413 2561 nub

707 2581 896 2618 Dominae
923 2581 1087 2627 Suthul,
1117 2583 1234 2628 filiae
1263 2583 1590 2634 Chebtr-chajjae’m
