2242 2976
363 298 438 334 276
492 294 626 329 LIBER
650 293 855 327 TERTIUS.
898 293 960 326 DE
981 293 1124 327 NUMIS
1149 292 1415 333 PHOENicns.
1460 293 1606 328 CAPUT
1625 295 1885 330 SECUNDUM.

488 388 669 431 Antequam
692 388 732 419 ad
752 387 898 431 singulas
920 399 1031 420 earnm
1053 387 1174 420 classes
1197 387 1426 421 describendas
1448 388 1648 429 accedimus,
1685 389 1839 423 nonnulla
1859 391 1892 423 in
1917 391 1988 423 uni-

366 456 491 477 versum
515 444 748 487 praemittenda
770 452 860 477 sunt:

490 525 539 558 Ac
557 529 697 568 primun
719 526 846 569 quidem
869 527 909 558 ad
933 525 1080 558 Ciliciam
1095 527 1254 569 pertinere
1271 526 1368 558 huius
1383 527 1511 570 generis
1527 533 1705 566 monetam,
1727 526 1810 570 quod
1825 520 1988 562 nonnullis

364 583 520 613 incertum
550 582 652 613 visum
681 589 731 614 est
761 582 923 626 (Hamak.
953 581 1091 615 Miscell.
1117 594 1191 626 pag.
1215 583 1316 624 145),
1347 590 1433 615 recte
1456 584 1520 615 iam
1541 582 1717 615 effecerunt
1738 581 1929 625 Pellerinins
1956 592 1990 618 et

365 637 541 670 Eckhelius
574 637 655 680 (ΙΙΙ,
679 650 708 682 p.
733 642 806 671 412.
827 642 923 680 413).
974 637 1120 682 Namque
1152 650 1217 672 non
1247 639 1353 672 solum
1383 638 1535 683 pleraque
1562 638 1710 682 exempla
1733 650 1775 672 ex
1798 638 1991 679 Cat-amani·

363 693 460 726 allata
482 679 556 727 sunit
578 695 639 736 (cf.
661 695 782 728 Sestini
803 694 917 727 lettere
935 694 999 734 111,
1023 707 1053 738 p.
1078 698 1137 729 103
1158 695 1265 740 sqq·)2
1301 696 1358 728 sed
1387 697 1484 728 etiam
1511 694 1704 728 emblemata
1727 706 1838 729 eorum
1860 697 1894 729 in
1916 695 1990 731 aliis

365 749 498 783 Ciliciae
528 753 729 784 numismatis
759 758 959 794 comparent,
995 753 1035 784 de
1065 763 1198 795 quorum
1221 753 1347 795 origine
1370 763 1466 795 quum
1495 751 1625 784 aliunde
1649 760 1714 784 tum
1738 763 1780 784 ex
1803 752 1991 797 epigraphis

363 809 489 850 graecis
511 814 653 840 constat:
677 810 729 840 cui
744 809 900 840 accedunt
922 807 1096 840 nonnullae
1112 809 1337 851 inscriptiones
1355 807 1564 848 Phoeniciae,
1587 819 1668 851 quae
1685 820 1748 840 non
1763 810 1868 841 minus
1884 799 1991 847 certae

363 864 634 906 interpretationis
655 872 749 904 sunt,
774 864 861 897 velut
884 874 947 900 't‘tn
969 866 1039 901 ἐκ.
1083 863 1176 897 Dein
1197 864 1284 896 bona
1304 875 1377 907 pars
1399 863 1513 897 horum
1539 875 1709 897 numerum
1732 863 1814 907 (litt.
1838 864 1875 898 C.
1889 865 1932 898 D.
1949 865 1990 899 G.

365 919 411 952 M.
434 919 488 961 N)
517 919 629 963 figuris
659 928 773 953 ornata
801 927 869 960 est,
906 931 987 964 quae
1017 921 1057 953 ad
1086 932 1192 957 mores
1224 928 1257 953 et
1285 920 1459 964 religiones
1489 921 1658 954 Persarum
1688 929 1834 964 spectant
1855 921 1990 966 ideoque

366 977 524 1020 originem
557 976 718 1009 Persicam
749 988 826 1021 prae
855 988 891 1010 se
914 977 1040 1017 ferunt,
1077 985 1110 1009 et
1132 978 1166 1009 in
1188 976 1261 1009 aliis
1284 978 1380 1009 etiam
1403 977 1523 1010 Ciliciis
1545 988 1660 1021 graece
1682 979 1843 1021 inscriptis
1868 977 1991 1021 (veluti

364 1034 398 1064 in
421 1031 515 1065 Malli
544 1041 690 1073 moneta,
727 1033 854 1066 Dutens
876 1033 899 1065 l.
919 1045 944 1066 c.
967 1045 1020 1066 no.
1042 1034 1082 1075 6)
1104 1040 1302 1076 comparent:
1338 1032 1394 1064 alii
1416 1033 1608 1065 Daricorum
1631 1045 1719 1066 more
1742 1036 1871 1067 nonnisi
1894 1045 1989 1067 unam

363 1097 487 1132 partem
510 1100 620 1122 cusam
643 1089 780 1129 habent,
809 1089 943 1122 alteram
964 1090 1076 1121 rudem
1095 1090 1165 1121 sine
1182 1089 1295 1121 foruna.
1338 1089 1390 1121 Ex
1408 1089 1458 1121 his
1472 1091 1535 1121 iarn
1551 1089 1725 1122 Eckhelim
1739 1098 1824 1123 recte
1839 1091 1989 1132 confecit,
2016 1084 2025 1091 ³

366 1145 536 1188 pleraque,
574 1146 636 1177 nisi
666 1147 792 1185 omnia,
827 1145 922 1178 huius
950 1153 1099 1178 monetae
1128 1156 1247 1188 genera
1278 1145 1459 1177 Alexandri
1481 1145 1595 1188 Magni
1618 1154 1755 1179 aetatem
1777 1149 1935 1180 excedere
1957 1155 1991 1180 et

367 1204 494 1245 imperii
517 1202 637 1234 Persici
660 1209 802 1245 tempore
824 1213 902 1234 cusa
924 1213 995 1234 esse
1024 1201 1084 1243 (cf.
1105 1202 1144 1234 ad
1169 1212 1222 1233 no.
1244 1199 1347 1242 V11):
1377 1212 1440 1244 quo
1463 1202 1566 1244 posito
1589 1201 1684 1234 facile
1706 1204 1802 1235 etiam
1824 1198 1990 1249 intelligia,

367 1259 442 1301 quid
471 1252 603 1291 caussae
636 1249 696 1296 sit,
735 1259 819 1300 quod
852 1259 907 1300 (ut
941 1258 1100 1300 diximus)
1131 1268 1231 1300 usque
1260 1257 1300 1288 ad
1330 1256 1454 1289 Indiam
1490 1258 1690 1290 disseminati
1717 1266 1792 1291 sunt
1825 1259 1860 1292 hi
1891 1261 1990 1293 numi.

372 1313 448 1346 Tun
483 1313 679 1352 litterarum,
718 1325 800 1356 quae
833 1316 867 1346 iu
905 1315 1065 1357 argenteis
1101 1314 1272 1346 admodum
1305 1314 1475 1346 distinctae
1503 1324 1575 1346 esse
1604 1313 1728 1354 solent,
1763 1317 1882 1358 passim
1910 1316 1992 1350 adeo

367 1377 498 1401 ornatae
528 1370 592 1412 (ita
619 1370 766 1413 quidem,
807 1378 841 1402 ut
869 1369 994 1402 litterae
1023 1381 1082 1413 pro
1111 1369 1206 1403 lineis
1234 1376 1425 1413 punctorum
1456 1378 1676 1403 consertorum
1699 1372 1784 1404 serie
1807 1371 1992 1415 constent),

366 1426 399 1457 in
424 1424 515 1464 aliis,
538 1427 679 1458 maxime
701 1428 819 1466 aureis,
844 1428 983 1459 eximiae
1004 1428 1171 1469 parvitatis
1192 1434 1224 1458 et
1240 1435 1338 1470 saepe
1353 1425 1480 1466 laesae,
1503 1426 1678 1470 singularis
1695 1429 1850 1471 quaedam
1866 1428 1993 1462 indoles

368 1490 432 1520 est,
456 1493 537 1525 quae
560 1483 600 1514 ad
623 1483 797 1525 scripturae
810 1483 981 1515 Hebraeae
1004 1491 1036 1515 et
1057 1485 1175 1515 veteris
1190 1482 1368 1515 Aramaeae
1389 1482 1606 1515 characterem
1623 1485 1856 1527 quodammodo
1868 1485 1993 1519 accedit

367 1538 462 1579 (vide
483 1537 546 1569 tab.
562 1541 591 1570 3.
606 1538 665 1580 4),
700 1547 732 1570 et
754 1541 787 1571 in
810 1551 848 1571 eo
872 1541 1011 1572 maxime
1035 1541 1191 1579 cernitur,
1220 1540 1304 1583 quod
1328 1538 1508 1572 litterarum
1529 1541 1738 1583 capitatur-um
1767 1541 1871 1584 (Ain,
1894 1540 1990 1581 Beth,

368 1593 497 1636 Resch)
530 1595 634 1637 capita
661 1606 801 1638 superne
830 1603 942 1638 aperta
971 1603 1055 1628 sunt.
1111 1595 1265 1638 Denique
1293 1595 1373 1627 illud
1405 1596 1577 1628 admodum
1607 1595 1776 1628 molestum
1804 1603 1854 1629 est
1882 1598 1915 1630 in
1939 1597 1990 1631 his

368 1651 492 1689 numia,
535 1651 638 1694 quod,
675 1653 766 1684 cuius
795 1652 885 1684 urbis
913 1651 1032 1696 singuli
1061 1642 1192 1694 putandi
1221 1653 1305 1691 sint,
1347 1659 1433 1684 certa
1462 1653 1588 1683 ratione
1617 1654 1650 1684 in
1679 1654 1787 1695 paucis
1819 1655 1990 1686 monstrari

369 1713 483 1749 potest.
527 1706 673 1749 Aliorum
702 1709 787 1740 euim
816 1708 1010 1752 epigraphae
1032 1709 1139 1740 minus
1158 1711 1265 1740 certae
1287 1707 1435 1741 lectionis
1458 1715 1551 1740 sunt:
1587 1708 1723 1741 aliorum
1743 1708 1840 1741 lectio
1862 1706 1991 1753 quidem

368 1765 446 1795 satis
475 1765 642 1806 perspicua
670 1771 738 1804 est,
773 1776 855 1808 quae
886 1775 964 1797 vero
994 1765 1090 1797 urbes
1117 1763 1302 1796 nominibus
1324 1766 1462 1808 propriis
1487 1764 1670 1797 Phoeniciis
1692 1766 1805 1805 ἔσθι’»,
1830 1767 1991 1812 Ἱὲῃρπκ,

369 1821 496 1862 *chobra
515 1821 713 1860 indicentur,
745 1820 873 1854 definiri
886 1832 951 1854 non
967 1829 1090 1864 potest,
1120 1832 1217 1864 quum
1232 1820 1348 1853 Graeci
1370 1822 1560 1863 scriptores,
1583 1822 1617 1852 iu
1639 1820 1773 1854 historia
1794 1821 1991 1857 coloniarum

371 1875 615 1908 Phoeniciarum
644 1879 677 1908 in
711 1877 789 1913 Asia
818 1880 943 1910 minore
971 1877 1163 1910 illustranda
1195 1879 1325 1910 omnino
1356 1880 1522 1920 parciores
1551 1878 1607 1919 *),
1646 1877 1832 1921 vulgaribus
1863 1880 1990 1915 urbium

370 1932 552 1963 nominibus
581 1944 712 1974 perraro
744 1941 853 1966 vetera
874 1942 907 1966 et
929 1935 1105 1967 domestica
1128 1934 1246 1966 addere
1268 1933 1403 1966 soleant.
1447 1933 1498 1966 De
1521 1935 1593 1966 unis
1615 1933 1834 1968 Tarsensibus
1856 1938 1993 1970 certiora

369 1988 432 2019 dici
455 1996 596 2030 possunt.
639 1989 709 2021 Hos
731 1991 828 2032 igitur
850 1998 881 2023 et
904 1992 957 2034 qui
978 1991 1029 2023 his
1053 1991 1182 2034 cognati
1202 1997 1296 2030 sunt,
1327 1992 1499 2032 separatim
1521 1989 1735 2023 tractabimus.

957 2107 1044 2140 vu.
1100 2106 1398 2140 TARSUS.

495 2190 693 2231 Nummum,
731 2195 785 2235 qui
814 2192 866 2225 vel
894 2194 995 2236 ipsius
1025 2193 1123 2226 Tarsi
1151 2200 1226 2226 sunt
1247 2191 1299 2224 vel
1321 2192 1538 2225 Tarsensibus
1560 2200 1646 2226 certe
1667 2195 1840 2237 imaginum
1850 2181 1990 2238 ‘epigrffl
2059 2214 2066 2218 ‹

370 2246 566 2290 pharumque
590 2248 799 2281 similitudine
821 2249 968 2289 finitimi,
1001 2252 1253 2292 praestantiores
1275 2250 1343 2281 fere
1368 2249 1403 2281 hi
1424 2257 1513 2282 sunt:

495 2331 534 2363 A.
555 2333 597 2373 **)
630 2331 763 2373 Iupiter
784 2334 865 2365 solio
887 2335 1034 2367 insidens
1057 2336 1103 2367 ad
1123 2338 1202 2374 sin„
1240 2335 1365 2366 dextra
1386 2338 1547 2376 sceptrum
1569 2338 1701 2372 lenem,
1741 2335 1774 2366 in
1797 2336 1878 2367 area*
1895 2339 1989 2378 spica

370 2393 500 2421 etuva.
544 2388 631 2420 Pone
653 2387 825 2435 epigraphe
850 2399 912 2424 ran
934 2393 1005 2425 Β».
1051 2391 1118 2423 Sub
1142 2390 1223 2423 sella
1241 2398 1272 2423 et
1287 2398 1360 2423 ante
1374 2389 1500 2422 litterae
1516 2389 1678 2422 solitariae
1692 2399 1713 2422 7:
1731 2396 1762 2421 et
1779 2398 1802 2434 7.
1845 2390 1914 2424 AR.
1934 2394 1987 2434 ⁶}-

369 2445 395 2488 )(
432 2444 504 2477 Leo
541 2449 670 2477 taurum
705 2445 866 2477 devoram·
882 2469 892 2485 ,
929 2447 1014 2478 infra
1049 2451 1134 2480 murz·
1169 2447 1260 2480 urbis
1295 2450 1440 2479 munitae
1455 2469 1465 2486 ,
1503 2457 1599 2489 supra
1634 2447 1834 2489 undeviginti
1861 2447 1988 2482 litterae

420 2600 444 2632 ⁸)
463 2599 534 2627 Vide
548 2608 616 2634 quae
631 2599 757 2626 admixtis
778 2599 833 2626 suis
853 2599 1015 2627 coniecturis
1035 2601 1144 2637 collegit
1265 2600 1304 2634 ‘*)
1327 2601 1445 2628 Litterae
1464 2601 1566 2629 Δ-Τ
1583 2601 1739 2627 referuntur
1756 2602 1788 2627 ad
1801 2610 1833 2628 ea
1845 2610 1986 2630 numerum

371 2650 513 2675 Boe-hattus
530 2648 558 2675 in
575 2648 683 2676 Canaau
702 2649 723 2683 Ῐ,
744 2657 802 2683 cap.
818 2649 928 2676 5—10.
1215 2650 1355 2683 exempla,
1377 2658 1447 2684 quae
1462 2649 1513 2683 ipsi
1526 2649 1648 2676 dedimus
1668 2649 1724 2676 tab.
1742 2650 1786 2678 36.
1803 2652 1847 2678 37.
