2242 2976
387 302 761 337 PALAEOGRAPHIA
782 301 1064 336 COMPARATA.
1109 302 1154 334 D.
1185 301 1430 334 SCRIPTURA
1454 300 1737 333 PALMYRENA.
1825 303 1871 338 81

253 399 375 432 Romae
395 399 632 430 reconditorum
652 405 726 440 post
745 397 919 430 Gruterum
943 397 1062 439 (Corp.
1079 400 1176 428 inser.
1192 407 1222 438 p.
1239 395 1464 438 LXXXVI),
1487 394 1644 438 Sponium
1665 394 1876 436 (recherckee

254 459 419 488 curieuses
438 455 654 497 d'Antiquile
677 466 706 497 p.
722 454 803 495 59),
835 454 980 495 Hydium
1004 454 1063 493 (de
1084 454 1248 495 religione
1266 457 1344 484 vett.
1368 454 1544 484 Persarum
1565 451 1631 483 tab.
1649 451 1725 493 14),
1749 451 1876 483 Relan-

254 512 327 544 dum
370 511 525 553 (palaest.
554 522 584 553 p.
611 514 711 549 526),
748 511 906 543 Adlerum
937 511 971 541 in
999 510 1091 552 Aug.
1122 509 1203 541 Ant.
1239 508 1382 551 Georgii
1410 512 1505 551 epist.
1537 508 1578 540 de
1605 507 1875 550 inscriptionibus

253 569 476 609 Palmyrenis,
514 578 597 610 quae
619 571 654 599 in
675 567 793 599 Museo
818 566 1004 608 Capitolino
1027 570 1257 604 asservantur,
1295 563 1416 596 Romae
1441 568 1533 597 1782.
1557 567 1587 597 8.
1616 565 1768 596 eximiam
1796 563 1875 595 deli·

253 626 454 663 neationem,
484 635 565 666 quae
587 626 704 655 iustam
725 622 904 655 litterarum
928 623 1178 664 magnitudinem
1202 621 1337 660 reserat,
1371 621 1459 652 dedit
1474 620 1749 653 chnzmncnno
1766 620 1873 653 Lanu!

253 681 294 712 de
315 684 515 712 monumento
544 680 858 722 carpentoractensi
876 690 907 721 p.
931 682 999 710 142.

378 753 573 785 Litterarum
600 754 633 784 in
664 752 714 784 his
738 754 954 784 monumentis
976 758 1161 795 potestatem
1186 758 1258 794 post
1285 750 1523 790 „Rhenferdii
1535 752 1719 794 periculum
1737 750 1875 793 phoeni-

253 813 366 842 cium“
401 811 506 851 (1704
535 810 673 849 editum,
712 811 880 852 repetitum
908 810 941 839 in
974 807 1058 851 opp.
1088 808 1313 851 Franequerae
1343 811 1436 840 1722.
1465 809 1518 848 4.)
1536 847 1538 850 y
1555 808 1660 839 minus
1688 817 1873 849 prosperum

252 867 366 898 eodem
393 866 461 898 fere
490 873 631 908 tempore
659 866 838 898 enodarunt
866 864 1141 897 eruanamvus
1170 865 1388 906 (Reflexiom
1418 875 1474 896 rur
1502 862 1687 905 l’alpltabet
1709 867 1742 895 et
1763 874 1820 895 sur
1841 863 1874 894 Ia

252 923 395 965 langue,
420 923 500 954 dont
522 932 563 954 on
583 933 619 954 se
639 926 762 954 servoit
784 921 950 961 autrefois
971 922 991 953 ὰ
1010 923 1175 963 Palmyre.
1205 921 1305 953 Paris.
1321 923 1404 953 1754
1426 920 1467 952 cf.
1478 920 1657 952 Memoiree
1680 919 1721 951 de
1742 919 1875 951 l'acad.

251 977 293 1011 T.
308 981 349 1011 45
366 990 396 1021 p.
415 981 476 1011 1⁷9
490 979 570 1021 sqq.)
593 986 625 1010 et
640 978 693 1012 Jo.
709 979 866 1010 Swmwos
889 978 934 1020 (in
950 977 1076 1010 Philoe.
1098 978 1330 1009 Transactione
1353 976 1394 1008 T.
1410 980 1451 1008 48
1474 977 1514 1008 ad
1531 987 1650 1007 annum
1674 978 1767 1014 1754,
1790 975 1829 1007 T.
1844 975 1875 1007 11

250 1046 284 1078 p.
306 1037 367 1066 338
390 1035 478 1078 sqq.)
508 1037 542 1066 in
571 1046 696 1067 summa
723 1036 771 1066 rei
796 1035 881 1065 inter
908 1044 943 1064 se
972 1034 1228 1072 consentientes,
1258 1044 1438 1075 quanquam
1468 1032 1550 1064 alter
1581 1032 1712 1064 alterius
1744 1040 1875 1064 conatus

250 1092 466 1134 ignoraverat,
515 1091 621 1134 Atque
659 1091 712 1123 hic
746 1091 872 1133 quidem
909 1101 1004 1121 omne
1039 1097 1262 1132 argumentum
1299 1089 1430 1121 uberius
1466 1096 1606 1120 tractans
1635 1095 1765 1120 cunctas
1802 1087 1875 1120 illas

251 1148 477 1190 inscriptiones
504 1146 709 1179 laudabiliter
738 1146 929 1189 explicavit,
966 1157 1122 1189 curasque
1144 1157 1218 1178 suas
1238 1147 1272 1177 in
1297 1146 1427 1178 eosdem
1448 1144 1574 1188 lapides
1596 1145 1754 1177 secundas
1778 1143 1877 1176 edidit

252 1203 293 1235 nd
323 1202 496 1235 Chandleri
527 1203 691 1236 Marmora
722 1199 941 1242 oxoniensia,
971 1202 1062 1235 ultra
1092 1214 1170 1245 quas
1206 1202 1366 1246 hodieque
1395 1213 1458 1234 non
1488 1202 1622 1234 multum
1650 1206 1876 1244 processerunt

254 1260 314 1290 viri
345 1260 430 1291 docti
469 1260 602 1302 (parum
639 1261 724 1291 enim
759 1259 840 1292 lucri
869 1262 954 1292 inest
984 1261 1018 1291 in
1048 1259 1117 1298 his,
1158 1270 1238 1301 quae
1270 1260 1472 1301 disputarunt
1501 1258 1722 1290 Hartmannus
1754 1259 1787 1288 in
1819 1258 1865 1288 vit

253 1314 429 1356 Tychsenii
458 1315 507 1354 Il,
531 1320 550 1348 2
572 1327 604 1358 p.
631 1319 693 1348 282
723 1323 755 1347 et
785 1323 897 1348 contra
926 1327 999 1347 eum
1028 1315 1197 1358 Koppius,
1232 1314 1274 1347 Β.
1299 1315 1367 1347 und
1388 1314 1482 1346 Salar.
1511 1314 1675 1357 multoque
1709 1316 1815 1347 minus
1841 1316 1875 1346 in

254 1371 535 1415 Georgiipcuris),
562 1373 625 1403 nisi
646 1372 729 1414 quod
751 1372 893 1404 Lancius
914 1371 936 1403 l.
960 1383 988 1403 c.
1012 1372 1052 1403 de
1075 1371 1200 1403 duobus
1223 1370 1324 1403 titulis
1348 1370 1503 1403 Romanis
1524 1371 1643 1413 optime
1665 1373 1793 1403 meruit.

381 1443 434 1476 Do
459 1444 575 1476 horum
602 1444 767 1476 titulorum
793 1443 1007 1487 explicatione
1035 1444 1174 1476 fortasse
1203 1442 1282 1476 alibi
1310 1444 1412 1475 acturi
1433 1443 1494 1475 hoc
1517 1442 1589 1475 loco
1610 1445 1644 1475 in
1667 1444 1739 1475 unis
1761 1443 1875 1476 litteris

254 1500 495 1533 considerandis
528 1502 780 1543 acquiescimus,
820 1511 955 1544 quarum
990 1499 1115 1543 figurae
1148 1501 1182 1532 iu
1218 1501 1317 1531 variis
1346 1499 1511 1531 titulorum
1543 1499 1812 1531 delineationibus
1843 1505 1875 1531 et

253 1556 446 1599 apographis
480 1558 526 1589 ita
561 1557 707 1588 diversae
735 1562 829 1596 sunt,
865 1563 899 1588 ut
931 1558 989 1588 vix
1024 1556 1153 1588 easdem
1189 1565 1261 1587 esse
1298 1556 1425 1587 credas:
1461 1565 1578 1597 parvae
1612 1554 1812 1598 gracilesque
1840 1557 1874 1587 in

253 1612 447 1645 Woodianis
475 1613 579 1655 (unde
605 1611 783 1644 litterarum
814 1612 940 1645 tabulas
968 1613 1114 1644 fecerunt
1142 1611 1389 1653 Barthelemyus
1417 1618 1449 1643 et
1477 1611 1665 1655 Swinton),
1695 1622 1821 1643 crassae
1844 1618 1875 1643 et

252 1670 402 1702 horridae
431 1671 465 1701 in
495 1669 757 1708 Oxoniensibus,
793 1679 874 1712 quae
903 1670 1033 1712 repetiit
1058 1668 1229 1711 Koppius,
1267 1668 1309 1700 ab
1335 1670 1475 1711 utrisque
1497 1668 1643 1700 diversae
1666 1669 1699 1699 in
1722 1667 1875 1700 Romanis

252 1727 335 1769 apud
365 1727 542 1767 Lanciu1n3
581 1736 661 1768 quae
690 1726 858 1757 diversitas
880 1727 994 1768 partim
1016 1726 1143 1768 quidem
1166 1735 1209 1756 ex
1231 1724 1425 1767 apographis
1447 1725 1564 1767 pendet
1586 1725 1660 1767 (qui
1683 1725 1769 1755 enim
1791 1723 1876 1756 tituli

252 1782 426 1825 gracilibus
448 1782 564 1814 litteris
587 1778 761 1824 pinguntur
775 1793 794 1813 a
811 1781 968 1821 Woodio,
992 1783 1090 1813 iidem
1107 1782 1223 1813 crassis
1237 1781 1433 1824 rudibusque
1450 1781 1643 1813 exhibentur
1657 1791 1676 1811 a
1691 1779 1874 1812 Chandlero

252 1838 429 1870 litterarum
451 1838 572 1881 figuras
594 1845 742 1870 accurate
763 1838 944 1879 imitante),
971 1839 1029 1870 sed
1050 1839 1165 1881 partim
1187 1839 1283 1869 etiam
1304 1839 1338 1869 in
1360 1838 1502 1880 ipsarum
1522 1836 1699 1869 litterarum
1720 1839 1874 1868 varietate

254 1897 357 1938 posita
379 1902 439 1928 est.
483 1894 568 1926 Nam
597 1905 678 1937 quae
706 1895 740 1926 in
771 1894 896 1926 duobus
928 1896 1142 1926 monumentis
1166 1893 1319 1926 Romanis
1342 1906 1362 1926 a
1381 1894 1505 1926 Lancio
1531 1894 1720 1925 nitidissime
1742 1894 1874 1936 depictis

254 1958 437 1994 comparent
448 1950 582 1994 figurae,
604 1959 635 1983 et
656 1952 739 1983 inter
760 1961 796 1983 se
818 1958 850 1982 et
871 1951 911 1983 ab
927 1950 1163 1983 Oxonieusium
1178 1950 1319 1993 lapidum
1331 1950 1446 1994 figuris
1469 1951 1581 1982 eodem
1603 1950 1698 1982 modo
1720 1957 1752 1982 et
1771 1952 1874 1993 magis

253 2009 349 2039 etiam
366 2009 557 2050 discrepant,
573 2018 666 2050 quam
681 2007 799 2050 lapidis
812 2006 1130 2050 carpentoractensis
1145 2006 1267 2050 figurae
1283 2006 1539 2046 aBlacassianis,
1556 2005 1606 2037 vel
1622 2007 1703 2038 adeo
1719 2008 1875 2049 scriptura

253 2064 443 2105 Palmyrena
465 2063 505 2095 ab
527 2063 668 2095 Aramea
688 2063 898 2106 Aegyptiaca:
930 2066 975 2095 ita
997 2065 1142 2107 quidem,
1175 2070 1211 2095 ut
1231 2065 1264 2094 in
1288 2062 1442 2095 Romanis
1472 2063 1641 2105 pleraeque
1663 2062 1808 2105 figurae,
1840 2070 1874 2094 ut

254 2120 357 2159 Beth,
390 2120 532 2159 Daleth,
560 2120 687 2159 Reach,
714 2115 804 2160 Ain,
833 2120 990 2163 capitibus
1011 2127 1176 2158 carentes,
1207 2122 1414 2162 posteriorem
1444 2127 1580 2151 aetatem
1608 2120 1760 2162 prodant,
1789 2119 1871 2151 aliae

253 2184 379 2216 tamen,
409 2184 444 2208 ut
465 2176 548 2215 Jod,
573 2175 727 2216 Sameclc,
756 2177 825 2209 Tau
845 2178 884 2208 ad
906 2177 1112 2209 Phoeniciam
1136 2184 1268 2208 matrem
1291 2186 1390 2219 prope
1413 2176 1576 2207 accedant.

379 2255 415 2286 In
444 2254 623 2287 litterarum
646 2257 744 2298 igitur
774 2254 884 2287 tabula
912 2256 1077 2287 condenda
1097 2257 1142 2287 ita
1164 2262 1309 2286 versatus
1332 2265 1420 2292 sum,
1456 2261 1491 2285 ut
1518 2254 1578 2286 sub
1602 2254 1737 2297 singulis
1758 2253 1871 2285 litteris

254 2313 354 2354 primo
373 2311 446 2343 loco
465 2319 657 2354 ponerentur
678 2311 802 2354 figurae
826 2322 868 2343 ex
890 2311 1132 2343 oxoniensibus
1147 2312 1282 2353 petitae,
1303 2311 1443 2342 secundo
1459 2309 1532 2342 loco
1548 2318 1667 2353 puncto
1684 2311 1871 2352 interposito

254 2379 296 2400 ex
311 2367 404 2399 titulo
419 2367 565 2399 Romano
582 2366 917 2409 Palmyreno-Latino
938 2370 1078 2400 incertae
1101 2369 1226 2406 aetatis,
1246 2368 1340 2399 tertio
1355 2366 1426 2398 loco
1441 2368 1556 2399 iterum
1574 2375 1690 2409 puncto
1707 2368 1872 2398 interiecto

253 2423 376 2467 figurae
391 2424 506 2466 lapidis
520 2424 656 2456 Romani
673 2424 1005 2466 Palmyreno-Graeci
1023 2435 1107 2456 anno
1122 2427 1183 2456 547
1199 2411 1701 2466 computationis*Seleucidarum
1716 2423 1870 2463 inscripti,

255 2488 366 2521 quarto
387 2480 459 2512 loco
481 2481 736 2523 apographorum
750 2480 1007 2513 Woodiauorum
1030 2481 1165 2512 formae.
1209 2480 1384 2522 Koppius,
1407 2491 1501 2522 quem
1516 2481 1712 2511 recentiores
1732 2477 1871 2520 plerique

256 2543 447 2577 sequuntur,
482 2540 514 2570 in
543 2538 714 2581 alphabeto
742 2549 800 2569 suo
824 2536 1014 2579 Palmyreno
1046 2537 1106 2579 (ΙΙ,
1131 2549 1160 2579 p.
1185 2538 1265 2578 157)
1295 2548 1336 2568 ex
1365 2536 1444 2568 solis
1467 2535 1708 2567 Oxoniensibus
1732 2534 1867 2576 pendet:

257 2602 339 2622 unus
362 2591 580 2632 Hoffmannus
599 2596 753 2638 (gramm.
776 2605 842 2635 syr.
865 2593 927 2626 tab.
942 2594 982 2636 3)
1005 2593 1219 2626 Romanorum
1243 2594 1339 2625 etiam
1355 2592 1520 2624 titulorum
1534 2591 1654 2634 figuras
1670 2601 1710 2621 ex
1724 2587 1870 2631 exemplo

258 2646 434 2679 Adleriauo
455 2651 488 2681 iu
511 2650 652 2683 tabulam
674 2662 763 2683 suam
787 2650 904 2682 retulit.

1417 2711 1451 2738 11
