2242 2976
518 256 709 290 SARDICA
731 258 791 291 ET
815 257 1018 290 SICULAE.
1060 257 1148 291 XLI.
1165 258 1414 291 INSCRIPTIO
1436 259 1639 293 SARDICA.
1818 264 1901 300 155¹

269 351 309 392 (i.
325 359 355 381 e.
372 349 545 392 Herculis)
565 351 688 391 filium,
712 353 766 394 qui
782 358 861 383 teste
880 351 1039 384 Pausania
1054 353 1122 394 (X,
1143 351 1202 395 1⁷)
1217 354 1354 395 primam
1370 364 1410 386 ex
1426 354 1529 395 Libya
1545 353 1702 387 coloniam
1725 356 1757 387 in
1782 355 1888 388 Sardi·

266 407 352 439 niam
375 406 508 439 duxisse
525 407 688 440 ferebatur
709 414 740 439 et
756 415 925 450 propterea
938 408 1106 442 Sardiniae
1120 410 1224 452 gentis
1241 417 1351 441 auctor
1367 421 1542 453 parensque
1566 411 1763 451 habebatur,
1788 411 1894 445 Sarda·

260 466 373 505 patrie
401 466 530 495 nomine
557 466 591 497 in
621 464 694 495 aliis
722 466 937 497 monumentis
966 465 1121 497 salutatus
1152 467 1201 508 (v.
1227 465 1369 498 fllnnler
1391 466 1651 500 Sendsclcretben
1674 468 1755 500 iiber
1777 472 1890 512 einige

264 519 433 552 sardieclce
462 520 559 552 Idole
585 531 658 563 pag.
683 523 734 552 12.
785 520 893 552 Azoni
922 520 997 552 hist.
1029 522 1140 564 geogr.
1169 521 1323 564 politique
1353 531 1384 554 et
1407 523 1563 555 naturelle
1584 525 1624 556 de
1648 524 1679 556 la
1701 524 1888 574 Sardaigne.

263 575 355 608 Paris
381 579 473 609 1802.
503 576 543 609 T.
566 576 592 609 1.
616 588 645 619 p.
671 577 766 618 335).
808 576 907 609 Hunc
931 585 1038 609 autem
1069 586 1149 610 teste
1178 578 1239 610 bac
1260 580 1468 621 inscriptione
1491 591 1509 610 e
1532 580 1644 620 Lixo,
1674 581 1888 614 Mauritaniae

264 631 343 664 urbe
365 634 509 672 venisse,
540 640 635 676 atque
657 634 795 675 primum
823 634 1027 674 Tartessum,
1063 636 1135 666 dein
1158 634 1284 667 Noram
1305 636 1337 666 in
1359 635 1509 667 Sardinia
1531 637 1695 678 appulisse
1714 624 1891 670 existimatJ

262 687 359 728 Quod
388 690 423 722 in
451 690 659 731 inscriptione
689 688 814 732 legatur
842 690 987 730 „Nor-a»,
1022 702 1116 734 quam
1138 694 1229 723 novit
1253 691 1345 723 Lixo
1366 692 1588 732 adversam“,
1626 695 1658 725 id
1680 694 1758 725 sane
1781 696 1888 726 minus

263 755 372 777 verum
397 756 483 783 esse,
512 757 608 789 quum
631 746 728 778 hodie
751 757 845 778 nemo
868 747 963 779 facile
987 749 1087 787 dicat,
1121 747 1242 779 Noram
1266 747 1436 779 Sardiniae
1459 760 1477 780 e
1500 753 1639 791 regione
1663 751 1739 782 Lixi
1761 751 1886 787 Mauri-

261 802 367 832 taniae
389 803 482 834 sitam
506 814 596 842 esse,
632 804 689 835 sed
712 802 855 835 voluisse
877 810 983 836 tamen
1007 805 1143 836 Sardum
1166 812 1289 847 patrem
1312 806 1449 846 priorem
1473 816 1565 837 suam
1597 807 1705 838 sedem
1728 814 1887 850 utcunque

262 868 439 890 memorare
461 859 494 891 in
517 859 580 891 hoc
595 867 800 891 monumento
811 883 822 899 ,
844 862 981 892 eundem
997 863 1093 893 etiam
1108 862 1244 893 fortasse
1259 862 1293 892 in
1308 860 1364 892 illa
1378 863 1425 893 rei
1442 863 1587 894 nauticae
1603 869 1635 893 et
1648 863 1885 906 geographicae

259 913 397 946 infantia
418 917 524 947 varias
546 917 630 948 inter
652 916 772 948 Lixum
795 924 826 948 et
849 914 1031 950 Sardiniam
1056 919 1127 950 viae
1151 917 1302 960 ambages
1326 919 1431 950 minus
1454 918 1643 951 observasse
1666 926 1697 950 et
1715 927 1886 962 propterea

258 968 379 1001 Noram
402 981 420 1002 e
439 973 571 1014 regione
594 972 762 1004 Sardiniae
785 974 878 1004 sitam
903 973 966 1005 sibi
985 972 1132 1005 finxisse.
1177 974 1252 1016 Pag.
1268 978 1330 1005 42.-
1354 997 1376 1014 ,,
1388 974 1416 1005 11
1431 974 1547 1018 perche
1563 977 1671 1016 puossi
1687 976 1886 1019 conghiettu-

261 1036 333 1056 rare
364 1025 423 1058 che
452 1027 576 1059 Sardoa
605 1030 747 1059 arrivato
778 1030 810 1059 in
839 1039 904 1077 pua
933 1039 1039 1060 nuova
1068 1035 1153 1060 terra
1182 1029 1278 1061 abbia
1310 1029 1419 1061 voluto
1450 1030 1498 1061 far
1527 1033 1697 1062 menzione
1724 1043 1819 1074 sopra
1843 1044 1884 1064 un

259 1081 385 1124 publico
407 1091 614 1116 monumento
637 1083 722 1116 della
745 1086 847 1126 patria
869 1095 944 1124 sua,
979 1096 1000 1116 o
1021 1096 1077 1127 per
1101 1086 1150 1117 dir
1172 1085 1309 1128 meglio,
1346 1087 1377 1117 di
1403 1085 1476 1128 quel
1500 1098 1596 1128 paese
1619 1087 1677 1118 che
1700 1087 1764 1130 egli
1785 1099 1887 1120 aveva

259 1139 299 1170 da
322 1139 458 1182 qualche
482 1148 587 1182 tempo
608 1141 748 1179 abitato,
779 1151 797 1172 e
821 1152 880 1172 con
904 1142 956 1173 cni
978 1148 1093 1173 teueva
1115 1142 1201 1173 forse
1217 1152 1337 1174 ancora
1353 1142 1488 1185 qualche
1503 1144 1646 1174 maniera
1661 1144 1693 1175 di
1711 1143 1883 1176 relazione.

259 1194 286 1226 ll
312 1195 385 1238 qual
415 1198 562 1238 pensiero
593 1197 702 1239 percio
733 1198 761 1229 si
791 1197 973 1237 conferma,
1012 1198 1073 1230 che
1103 1199 1158 1230 noi
1187 1209 1251 1229 non
1280 1200 1466 1231 riti-oviamo
1494 1198 1574 1230 altra
1598 1201 1732 1241 cagione
1755 1211 1811 1242 per
1833 1202 1884 1232 cui

258 1252 393 1284 dovesse
414 1252 446 1284 lo
468 1254 615 1284 scrittore
637 1260 745 1285 nostro
769 1255 943 1286 ricordarci
961 1266 1056 1286 avere
1073 1253 1205 1287 Sardoa
1220 1257 1424 1294 conosciuto‚
1451 1255 1509 1287 che
1525 1254 1600 1286 Nor
1613 1262 1715 1286 stesse
1732 1257 1883 1298 piuttosto

257 1309 290 1339 iu
321 1308 424 1340 faccia
453 1320 472 1340 a
500 1309 604 1341 Lixus
637 1309 695 1341 che
725 1311 764 1342 ad
788 1322 831 1341 un
855 1310 937 1342 altro
960 1322 1072 1353 paese3
1111 1312 1149 1342 ed
1172 1322 1290 1342 ancora
1313 1311 1450 1353 perche,
1480 1312 1617 1342 essendo
1640 1312 1694 1353 piu
1718 1312 1883 1354 probabile

257 1363 316 1396 che
340 1363 471 1396 Sardon
493 1367 541 1397 sia
564 1373 682 1398 venuto
704 1368 736 1398 in
760 1366 958 1398 Tarschisch
980 1378 999 1398 a
1021 1368 1097 1399 dare
1119 1367 1150 1398 le
1172 1366 1242 1398 vele
1272 1378 1330 1409 per
1340 1360 1520 1410 'Sardegna
1550 1368 1590 1398 da
1612 1379 1675 1398 una
1705 1374 1790 1399 terra
1819 1379 1882 1400 non

257 1420 356 1452 molto
389 1422 429 1453 da
456 1421 562 1464 quella
587 1421 740 1466 lontana,
779 1422 839 1454 che
863 1422 948 1455 nello
973 1430 1075 1455 stesso
1098 1431 1203 1466 tempo
1227 1414 1332 1455 debba
1353 1423 1430 1455 dirsi
1453 1422 1761 1465 Femina-Libyca,
1792 1435 1881 1456 come

255 1477 291 1508 fu
320 1476 452 1515 Sardoa
473 1479 608 1517 istesso,
646 1490 709 1510 non
734 1481 762 1511 si
780 1479 872 1521 petra
893 1481 958 1512 mai
980 1479 1053 1512 dell'
1077 1480 1190 1512 Africa
1214 1480 1351 1512 addurre
1372 1491 1416 1511 un
1438 1479 1521 1512 altro
1543 1491 1659 1521 paese,
1688 1480 1713 1511 il
1734 1480 1826 1523 quale
1847 1483 1880 1513 in

254 1532 384 1576 miglior
411 1536 506 1576 guisa
537 1536 569 1566 di
598 1536 702 1567 Lixus
726 1547 823 1578 possa
845 1536 1056 1567 confermarci
1077 1536 1108 1567 le
1133 1537 1220 1568 dette
1243 1539 1359 1568 cose.“
1403 1535 1644 1574 „Trattandosi
1667 1537 1699 1568 di
1721 1538 1834 1579 spazio
1854 1538 1882 1570 si

254 1590 442 1629 smisurato‚
481 1602 571 1623 come
600 1593 618 1622 e
640 1599 689 1623 tra
711 1592 786 1624 Nor
813 1603 830 1623 e
859 1592 993 1631 Lixus,
1032 1592 1095 1635 puo
1118 1593 1212 1631 dirsi,
1246 1603 1307 1635 que
1329 1591 1416 1623 l’una
1439 1593 1511 1623 miri
1531 1594 1563 1623 in
1586 1592 1689 1623 faccia
1712 1592 1763 1623 all’
1787 1593 1880 1633 altra,

254 1645 412 1678 ancorche
435 1648 561 1680 tirando
583 1647 616 1679 la
639 1660 750 1680 norma
770 1648 821 1681 dal
845 1654 941 1691 punto
964 1648 1174 1679 meridionale
1198 1649 1229 1679 di
1250 1647 1320 1679 Nor
1344 1659 1407 1679 non
1431 1649 1460 1680 si
1481 1650 1640 1680 arrivasse
1656 1659 1674 1679 a
1689 1649 1757 1681 fare
1773 1651 1880 1692 giusto

255 1704 390 1734 termine
419 1705 452 1735 in
481 1704 602 1736 Lixus:
637 1706 675 1736 ed
704 1706 737 1736 in
768 1707 839 1747 quei
871 1706 987 1747 tempi,
1021 1705 1102 1736 dove
1124 1705 1214 1736 l'arte
1238 1705 1269 1736 di
1293 1706 1444 1747 navigare
1467 1716 1523 1736 era
1546 1704 1598 1736 nel
1623 1716 1680 1736 sno
1706 1707 1880 1738 coniincia-

254 1766 379 1798 mento,
419 1755 503 1791 non*
519 1768 634 1802 poteva
663 1772 682 1791 a
712 1772 806 1792 meno
840 1761 899 1792 che
934 1762 1105 1792 ascriversi
1137 1773 1155 1793 a
1186 1760 1291 1804 gloria
1321 1761 1469 1792 l'essersi
1508 1762 1684 1800 avveduto‚
1723 1762 1806 1804 dopo
1837 1774 1879 1794 un

254 1818 417 1858 tragittare
445 1816 704 1855 considerevole,
740 1816 824 1848 della
854 1828 929 1848 vera
958 1818 1122 1859 posizione
1153 1817 1237 1849 della
1266 1826 1350 1850 terra
1379 1819 1461 1850 dove
1484 1828 1539 1860 per
1562 1816 1593 1848 la
1617 1819 1720 1859 prima
1742 1817 1828 1850 volta
1849 1820 1878 1850 si

253 1882 379 1913 poneva
409 1871 432 1903 il
463 1874 596 1915 piede.“
646 1872 719 1905 Non
751 1881 800 1905 est
828 1874 912 1916 quod
943 1874 1072 1919 uberius
1101 1875 1372 1913 demonstremus,
1409 1875 1441 1906 id
1479 1874 1562 1917 quod
1598 1875 1658 1905 viri
1687 1872 1818 1917 linguae
1846 1882 1878 1907 et

252 1929 449 1971 antiquitatis
473 1930 564 1972 periti
588 1929 681 1961 facile
704 1931 912 1972 perspicient,
953 1931 983 1972 1)
1006 1930 1128 1962 litteras
1155 1932 1218 1969 ita,
1253 1938 1287 1961 ut
1307 1930 1421 1963 Arrius
1442 1931 1536 1969 fecit,
1568 1929 1666 1961 lectas
1689 1930 1876 1973 explicatio—

253 1995 326 2015 nem
356 1996 454 2027 supra
484 1986 588 2017 datam
618 1997 673 2028 per
702 1985 831 2028 linguae
863 1985 951 2029 leges
983 1998 1046 2018 non
1077 1988 1245 2019 admittere
1276 1988 1449 2030 (namque,
1487 1994 1520 2018 ut
1543 1985 1606 2018 alia
1627 1995 1766 2026 taceam,
1805 1990 1875 2031 quis

252 2041 333 2073 ferat
357 2051 404 2085 Νη
428 2043 525 2073 ecce!
554 2043 617 2073 dici
640 2054 697 2085 pro
720 2042 873 2075 tandem?
909 2044 977 2085 quis
1001 2051 1067 2076 nn:
1091 2044 1131 2078 bo
1155 2044 1298 2076 elevavit
1320 2047 1474 2086 scriptum
1497 2055 1556 2086 pro
1576 2044 1717 2086 lapidem
1739 2044 1879 2077 inscribi

251 2100 373 2130 iussit?
396 2100 466 2140 quis
483 2110 546 2130 non
560 2099 687 2137 videat,
711 2101 891 2130 universam
909 2098 993 2131 tituli
1008 2102 1187 2132 orationem
1204 2101 1244 2132 ab
1261 2102 1414 2132 orationis
1433 2102 1596 2131 semiticae
1613 2099 1720 2132 indole
1736 2100 1872 2133 alienam

252 2154 382 2196 esset),
415 2156 447 2194 2)
470 2154 558 2186 illam
583 2156 621 2186 de
643 2155 746 2187 Sardo
769 2163 859 2198 patre
882 2156 1013 2198 eiusque
1036 2157 1204 2188 itineribus
1219 2158 1386 2188 maritimis
1402 2158 1635 2196 narrationem,
1659 2168 1750 2199 quam
1767 2159 1796 2188 in
1814 2157 1873 2189 hoc

252 2209 346 2242 titulo
367 2212 530 2243 invenisse
550 2211 613 2243 sibi
636 2213 724 2243 visus
749 2218 797 2243 est
818 2211 949 2251 Arrius,
980 2223 1043 2244 non
1066 2207 1233 2244 credibilia
1248 2215 1428 2252 continere,
1453 2225 1547 2256 quum
1564 2215 1634 2256 ipse
1650 2213 1770 2245 Sardus
1786 2221 1873 2256 pater

219 2293 224 2295 a
252 2267 302 2308 (si
326 2267 518 2309 modowtalis
537 2268 683 2309 exstitit)
709 2269 747 2299 ad
770 2267 918 2300 fabulosa
939 2263 1080 2311 t‘empora
1102 2271 1276 2311 pertineat,
1301 2281 1341 2301 ex
1359 2269 1474 2312 quibus
1492 2271 1715 2313 inscriptiones
1730 2278 1872 2301 servatas

252 2333 323 2355 esse
344 2324 534 2356 incredibile
557 2326 617 2363 sit,
641 2335 831 2367 erroresque
855 2326 923 2356 eius
946 2325 1152 2368 geographici
1176 2337 1238 2357 non
1262 2327 1369 2358 minus
1391 2325 1571 2369 singulares
1593 2329 1658 2357 sint
1676 2333 1707 2356 et
1724 2326 1870 2364 inauditi,

251 2391 347 2422 quam
383 2381 479 2420 Lixi,
518 2383 633 2423 prioris
670 2382 772 2418 sedis,
809 2383 842 2412 in
879 2381 940 2412 hoc
976 2381 1067 2413 titulo
1098 2390 1363 2414 commemoratae
1394 2384 1492 2420 ratio;
1530 2394 1591 2414 non
1630 2390 1695 2420 est,
1732 2383 1868 2424 inquam,

252 2437 336 2478 quod
365 2437 443 2468 haec
471 2449 642 2480 urgeamus
673 2445 705 2468 et
734 2436 860 2480 singula
896 2437 1081 2470 refellamus
1118 2440 1295 2481 copiosius,
1338 2450 1432 2482 quum
1468 2441 1564 2471 totius
1602 2439 1868 2481 interpretationis

254 2491 503 2533 fundamentum,
527 2495 610 2537 quod
632 2495 665 2525 in
689 2493 803 2525 litteris
829 2501 913 2525 recte
936 2496 1130 2537 accipiendis
1153 2503 1185 2527 et
1207 2495 1399 2527 definiendis
1422 2497 1581 2533 cernitur,
1611 2495 1773 2526 erroribus
1791 2504 1868 2524 non-

254 2546 353 2579 nullis
372 2550 508 2592 aitatur,
539 2552 593 2592 qui
616 2562 679 2582 non
704 2558 852 2593 poterant
872 2563 935 2583 non
958 2559 1122 2584 auctorem
1144 2563 1164 2583 a
1185 2559 1274 2584 recto
1297 2554 1422 2583 tramite
1446 2552 1614 2582 abducere.
1659 2550 1706 2581 Ac
1730 2553 1868 2591 primum

256 2605 289 2644 1)
311 2602 419 2636 littera
439 2612 486 2637 ter
507 2597 603 2639 obvia
624 2606 680 2639 lin.
696 2611 714 2640 5
738 2607 800 2639 litt.
823 2612 852 2641 1.
870 2611 890 2641 5
916 2616 947 2640 et
967 2608 1024 2640 lin.
1049 2612 1067 2640 8
1090 2607 1152 2640 litt.
1175 2612 1211 2646 3,
1243 2619 1336 2650 quam
1360 2608 1474 2639 Arrius
1499 2606 1634 2638 Sameck
1656 2616 1726 2636 esse
1744 2606 1867 2644 statuit,

1409 2669 1450 2697 20
1473 2669 1486 2683 *
1519 2668 1523 2675 '
