2242 2976
413 232 451 266 C.
487 231 671 265 NOMINA
692 231 881 265 PROPRIA
902 230 1202 280 ΗΟΜΙΝΠΜἘΤ
1225 231 1417 265 DEORUM
1441 230 1710 264 EXPLICATA.
1797 233 1871 270 397

251 317 347 372 atque
371 327 589 360 conciliorum
612 325 720 366 Actis,
749 337 927 370 quanquam
950 325 1030 359 haec
1052 325 1307 358 Christianorum
1329 327 1519 368 scriptorum
1541 326 1731 358 documenta
1750 325 1872 369 largius

251 384 451 429 spicilegium
482 385 523 416 ad
545 383 678 416 alteram
702 390 842 416 nostram
862 384 1001 415 indicem
1029 383 1107 425 (litt.
1130 382 1182 425 D)
1203 382 1457 426 locupletandam
1479 383 1730 425 suppeditarunt.
1772 383 1872 415 Addi-

251 442 378 481 dimus,
408 451 488 484 quae
511 441 551 473 de
577 440 708 472 deorum
731 440 930 484 heroumque
952 440 1136 472 nominibus
1150 441 1323 472 memoriae
1341 441 1465 482 prodita
1486 447 1574 472 sunt:
1598 439 1744 471 consulto
1765 446 1870 471 autem

251 500 418 531 omisimus
443 499 575 529 uomina
595 504 663 529 tum
685 495 893 535 cabirorum,
914 503 981 528 tum
1004 507 1115 540 regum
1138 497 1306 529 Pastorum
1329 497 1457 538 Hycsos
1480 497 1654 535 dictorum,
1677 497 1716 527 de
1738 496 1887 539 quorum'

251 555 377 597 origine
399 553 576 586 Phoenicia
598 559 726 596 propter
747 552 868 585 formas
889 552 1116 586 insolentiores
1139 560 1171 585 et
1192 565 1212 585 a
1233 553 1427 596 reliquorum
1450 554 1533 585 faeie
1549 553 1758 584 abhorrentes
1780 551 1873 584 dubi-

249 619 354 643 tamus
384 621 581 653 quarnmqne
602 608 848 652 explicationem
871 609 912 641 ab
935 609 1007 642 aliis
1027 611 1222 653 propositam
1247 617 1388 642 nostram
1409 610 1515 642 facere
1545 621 1621 641 non¹
1635 610 1796 651 potuimus
1827 609 1870 650 ¹⁸):

251 668 419 700 omisimus
446 668 543 699 etiam
569 665 722 709 pleraque
752 664 944 708 Cypriorum
975 666 1139 699 hominum
1167 668 1300 699 nomina
1332 666 1372 699 ab
1402 666 1587 698 Hamakero
1610 672 1754 708 recepta,
1790 675 1871 707 quae

252 723 348 756 nobis
383 733 519 766 graecae
557 718 692 765 originis
728 722 885 754 videntur.
941 722 978 754 In
1015 723 1221 765 disponendis
1261 730 1367 756 autem
1403 723 1454 755 his
1490 722 1674 755 nominibus
1700 721 1872 753 latinarum

251 780 429 813 litterarum
467 780 584 811 seriem
621 779 722 810 secuti
758 789 868 810 sumus
905 778 1105 823 formamque
1126 780 1302 819 Latinam,
1339 780 1395 812 ubi
1425 779 1498 811 talis
1527 779 1692 818 exstabat,
1730 777 1872 810 Graecae

251 837 492 879 anteposuimus
521 837 637 867 iccirco
664 835 748 878 quod
778 834 916 867 Romani
945 835 1176 868 vocabulorum
1204 836 1396 868 Punicorum
1426 837 1561 868 formam
1583 835 1769 878 plerumque
1792 835 1874 866 inte-

250 894 390 935 griorem
421 898 608 930 servarunt,
638 902 733 934 quam
761 890 899 931 Graeci,
936 893 991 935 qni
1021 893 1055 924 in
1084 894 1260 936 peregrinis
1283 893 1467 925 nominibus
1488 904 1565 925 suae
1586 891 1715 936 linguae
1738 901 1872 923 consue·

250 950 354 982 tudini
374 949 472 981 nimis
494 946 660 990 indulgere
681 946 842 980 solebant.

378 1023 410 1053 2.
454 1019 562 1058 Quum
598 1019 720 1052 eximia
754 1020 797 1051 sit
836 1018 951 1051 horum
982 1022 1166 1061 nominum,
1205 1016 1349 1056 'maxime
1377 1015 1552 1061 rariorum,
1589 1023 1623 1053 in
1654 1020 1746 1053 libris
1776 1031 1873 1053 manu

250 1078 378 1120 scriptis
398 1075 581 1119 corruptela
603 1082 696 1118 atque
719 1076 896 1118 scripturae
919 1077 1076 1116 rar-iem,
1120 1078 1320 1120 editoresque
1343 1079 1375 1109 in
1398 1078 1502 1110 forma
1524 1089 1633 1110 earum
1652 1077 1874 1109 constituenda

250 1145 349 1177 saepe
378 1132 506 1166 consilii
533 1134 646 1174 inopes
677 1131 741 1163 huc
777 1131 855 1176 illuc
884 1132 1059 1172 fluctuent,
1096 1133 1241 1166 adhibito
1271 1142 1426 1177 apparatu
1458 1136 1567 1166 critico
1596 1134 1714 1176 ubique
1743 1144 1874 1176 operam

251 1191 416 1229 dedimus,
448 1195 502 1228 ut,
541 1188 645 1231 quoad
673 1187 746 1219 fieri
774 1178 900 1231 posset,
936 1191 1110 1231 genuinam
1140 1201 1251 1222 eorum
1281 1192 1469 1232 scripturam
1499 1192 1760 1228 restitueremus,
1793 1199 1874 1232 quae

249 1257 324 1291 pum
347 1251 454 1288 etymo
476 1251 508 1276 et
529 1244 660 1288 linguae
683 1244 822 1276 Punicae
845 1244 955 1293 indole
978 1253 1187 1289 congrueret,
1211 1257 1274 1278 non
1291 1247 1497 1289 desperantes
1512 1247 1600 1285 fore,
1623 1254 1658 1278 ut
1680 1245 1741 1277 hac
1765 1252 1876 1277 nostra

251 1314 349 1346 opera
370 1301 510 1345 aliquam
532 1301 615 1344 apud
637 1300 762 1333 futuros
784 1300 913 1333 illorum
928 1304 1121 1345 scriptorum
1136 1303 1276 1335 editores
1294 1304 1429 1345 gratiam
1447 1304 1592 1334 ineamus
1613 1303 1662 1345 (v.
1677 1301 1873 1339 Azemilcus,

250 1359 444 1398 Balatorus‚
466 1356 643 1397 Atherbal,
666 1357 819 1399 Bitbyas,
841 1357 1023 1400 Myrealos,
1048 1358 1194 1401 Sapbon‚
1225 1359 1467 1401 Methymatnus
1479 1360 1500 1401 ).

380 1444 412 1474 3.
455 1427 603 1472 Maxima
621 1440 691 1471 veri
712 1440 811 1480 etymi
827 1441 1014 1473 inveniendi
1028 1440 1198 1474 difficultas
1216 1443 1355 1474 cernitur
1371 1443 1404 1473 in
1419 1443 1540 1484 insigni
1551 1441 1700 1479 licentia,
1724 1451 1785 1482 qua
1807 1445 1874 1470 tum

250 1499 316 1541 ipsi
338 1498 441 1530 Poeni
462 1503 529 1528 tum
553 1495 670 1528 Graeci
692 1502 724 1527 et
745 1495 885 1528 Romani
906 1498 940 1528 in
963 1497 1147 1530 nominibus
1169 1498 1414 1537 contrahendis,
1451 1497 1673 1536 decurtandis‚
1708 1489 1748 1528 ne
1771 1496 1874 1527 dicam

251 1553 439 1587 mutilandis
461 1554 512 1585 nsi
535 1559 625 1584 suntx
655 1563 735 1596 qnae
758 1553 886 1595 quidem
909 1564 1007 1586 causa
1028 1553 1136 1596 paullo
1160 1556 1320 1597 copiosius
1343 1555 1533 1597 disputanda
1554 1560 1623 1591 est,
1652 1564 1692 1585 ne
1714 1554 1747 1584 in
1766 1552 1816 1583 his
1836 1551 1875 1582 ad
1903 1554 1907 1559 '

251 1610 429 1654 legitimam
459 1603 616 1652 originem
644 1609 834 1642 revocandis
863 1610 948 1641 iusto
978 1610 1168 1643 audaciores
1202 1611 1301 1643 fuisse
1331 1622 1504 1654 omnesque
1531 1609 1764 1653 probabilitatis
1792 1607 1875 1638 fines

252 1668 410 1710 migrasse
431 1666 615 1698 videamur:
645 1664 829 1708 intelligant
852 1668 950 1698 etiam
971 1666 1127 1706 lectores,
1159 1667 1235 1709 quid
1259 1655 1393 1699 caussae
1415 1669 1474 1706 sit,
1503 1668 1586 1710 quod
1611 1678 1631 1698 a
1651 1663 1875 1698 nonnullorum

253 1731 360 1766 etymo
388 1723 560 1755 indicando
590 1734 720 1765 prorsus
750 1722 974 1754 abstinendum
1004 1725 1234 1765 putaverimus.
1284 1724 1411 1755 Etenim
1443 1726 1506 1755 iam
1537 1724 1619 1766 apud
1641 1724 1728 1765 ipsos
1750 1721 1876 1752 Poenos

253 1780 430 1812 domestica
458 1780 616 1821 scriptura
646 1784 772 1811 utentes
802 1778 939 1811 subinde
970 1779 1094 1811 formae
1126 1781 1171 1812 ita
1195 1787 1378 1813 contractae
1400 1781 1622 1822 reperiuntur,
1652 1786 1688 1810 ut
1708 1779 1747 1810 de
1770 1784 1875 1818 etymo

254 1847 366 1868 eorum
388 1835 515 1868 dubites
538 1835 648 1878 (apen
672 1846 730 1878 pro
748 1836 859 1878 epha,
890 1843 960 1869 nnn
985 1847 1044 1878 pro
1066 1838 1176 1875 nzbn,
1208 1838 1345 1871 bwnmzn
1363 1847 1420 1878 pro
1438 1837 1634 1878 bannum-m
1658 1834 1759 1868 multo
1773 1834 1877 1865 maior

254 1900 360 1925 autem
396 1893 466 1924 sive
495 1892 630 1924 audacia
664 1892 733 1924 sive
762 1891 893 1925 licentia
921 1898 988 1931 est,
1025 1892 1081 1924 ubi
1110 1893 1294 1925 huiusmodi
1319 1894 1467 1932 nomina,
1502 1894 1690 1935 praesertim
1717 1891 1877 1933 longiora,

253 2014 356 2040 Bmo
374 2012 496 2038 Hmrns
518 2021 545 2038 ι.
563 2011 654 2039 Suras
671 2012 833 2039 Aznavau.
850 2012 1030 2040 B‘nsrnacrs

255 2071 282 2089 r.
316 2061 438 2088 haman.
470 2061 630 2087 Bosranus
661 2069 688 2087 ιν.
716 2061 806 2094 Lao„
841 2061 968 2095 aliudque
998 2062 1032 2087 ad

254 2117 353 2146 pagum
366 2110 532 2136 Gurzensem
549 2108 687 2143 pertinens
706 2108 736 2134 in
755 2109 854 2135 Museo
868 2109 1032 2136 Academiae

256 2156 433 2186 Cortonensis
467 2160 556 2183 exstet
587 2157 617 2183 in
650 2158 723 2183 Actia
753 2156 866 2189 flatrum
897 2160 1033 2184 Arvalium

255 2208 372 2240 (Romae
386 2206 462 2233 1795.
479 2205 526 2238 4.)
543 2215 570 2240 p.
585 2206 646 2243 782,
665 2205 766 2231 editum
783 2204 826 2231 cni
842 2206 910 2231 haec
923 2205 1033 2232 nomina
1076 2207 1079 2209 ’

255 2255 417 2289 subscripta:
446 2253 585 2279 Ammon
608 2254 815 2280 Macrin-oms
842 2262 868 2282 ι.
896 2253 1033 2280 crustu

257 2304 376 2330 Boucn
400 2302 589 2329 Azzanaaus
618 2311 644 2328 r.
671 2301 936 2328 Azmoaunzmvsm
961 2303 1033 2328 Mu-

258 2359 394 2378 ·rauusu.
412 2349 558 2378 Snuoms
581 2360 608 2377 r.
627 2350 691 2377 Cur.
714 2359 777 2378 aas,
794 2351 963 2377 Uzrrsusrs.

308 2407 333 2440 ¹)
351 2407 395 2434 Ex
403 2407 562 2435 Cabirorum
576 2407 730 2434 nominibus
743 2408 851 2441 (Schol.
864 2409 897 2434 ad
903 2407 1031 2441 Apollon.

257 2457 271 2480 1
282 2474 291 2487 ‚
316 2455 385 2488 917)
416 2464 499 2482 unum
531 2453 675 2489 Κόσμιλοε
702 2456 875 2483 Phoeniciam
902 2455 1034 2492 originem

258 2504 362 2530 redolet
396 2502 444 2537 (v.
472 2504 544 2531 infra
575 2505 603 2530 h.
622 2504 684 2538 v.),
718 2505 791 2531 unde
824 2513 879 2531 non
904 2504 1034 2539 sequitur,

258 2551 338 2590 etiam
354 2552 458 2585 reliqna
475 2548 601 2588 Ἆξίσροσ,
613 2549 947 2588 Ἀξιὸκερσοσ,ᾌξιωιορσα
961 2553 1035 2579 eius-

260 2600 322 2625 dem
336 2598 447 2635 originis
462 2607 532 2627 esse.
557 2601 654 2628 Parum
670 2600 766 2628 felices
779 2605 852 2628 certe
865 2601 994 2628 Bocherti
1008 2606 1035 2629 et

1101 2014 1259 2050 Schellingii
1276 2013 1305 2040 in
1322 2014 1356 2040 iis
1372 2022 1407 2040 ex
1425 2014 1515 2050 lingna
1532 2013 1657 2040 Hebraea
1671 2008 1877 2045 interpretandis

1101 2067 1213 2089 conatus
1239 2063 1364 2097 (Canaan
1385 2071 1411 2096 p.
1426 2062 1487 2090 747.
1507 2061 1644 2097 Schelling
1675 2058 1829 2086 Gottheiten
1847 2066 1876 2083 v.

1102 2111 1274 2137 Samothrace
1294 2120 1320 2144 p.
1336 2112 1369 2137 67
1388 2110 1482 2145 sqq.):
1502 2115 1528 2136 et
1546 2109 1727 2144 probabiliora
1746 2111 1819 2133 certe
1841 2114 1876 2131 ex

1101 2159 1192 2195 lingua
1212 2159 1380 2195 Aegyptiace
1398 2159 1471 2185 dedit
1489 2159 1581 2194 Zoega
1599 2159 1633 2184 de
1651 2158 1761 2183 obelisc.
1776 2165 1801 2189 p.
1816 2155 1876 2179 220.

1101 2222 1136 2227 —
1149 2207 1274 2233 Eiusdem
1289 2207 1399 2243 originis
1409 2209 1503 2233 saltem
1517 2216 1553 2233 ex
1562 2211 1638 2240 parte
1646 2206 1771 2232 videntur
1784 2210 1877 2238 regum

1101 2256 1210 2289 Hycsos
1237 2255 1368 2282 dictorum
1393 2255 1520 2289 nomina,
1551 2263 1618 2288 quae
1636 2255 1704 2279 haec
1728 2256 1790 2278 sunt
1807 2250 1876 2284 apud

1101 2304 1247 2337 Josephum
1262 2313 1287 2330 c.
1299 2303 1350 2337 Ap.
1363 2306 1387 2337 1,
1399 2304 1447 2329 14:
1466 2301 1596 2335 zonam,
1616 2299 1707 2334 Βηών,
1725 2295 1877 2331 Ἀπαμεῖς,

1099 2348 1235 2386 Ἀὴωφίς,
1266 2348 1379 2385 ’lavian
1406 2348 1506 2384 laicale,
1538 2351 1607 2383 apud
1626 2350 1746 2384 Syncell.
1775 2357 1802 2381 p.
1828 2347 1877 2372 113

1101 2399 1185 2426 Dind.
1203 2398 1284 2426 Βνῶν
1302 2401 1357 2432 (al.
1376 2399 1465 2432 Βυιιῖν,
1487 2396 1603 2431 Βηών),
1624 2396 1750 2430 Παχνοὶν,
1770 2392 1877 2427 badia,

1095 2448 1225 2486 ”Aezlq'fi
1238 2448 1353 2485 Ἀφοβιέ.
1374 2453 1529 2486 Quanquam
1542 2449 1612 2475 enim
1623 2446 1745 2474 Σάλατισ
1765 2437 1877 2480 (ΕΕῚΖΊ),

1102 2500 1201 2529 Ἰανίαε
1220 2494 1338 2542 (Ἶξξῖ),
1358 2499 1446 2527 ’Λσσίς
1464 2492 1547 2533 (³¹15)
1566 2501 1696 2536 originem
1706 2498 1876 2525 Phoeniciam

1104 2550 1253 2583 admittant,
1269 2550 1380 2576 aliorum
1393 2550 1558 2583 quorundam
1575 2549 1651 2583 origo
1666 2547 1807 2573 manifesto
1822 2546 1877 2573 Ae-

1103 2602 1194 2638 gyptia
1212 2602 1336 2635 videtur,
1357 2605 1386 2626 nt
1399 2598 1530 2634 ''Ancmpcc
1551 2597 1658 2633 Νξωῴ
1682 2599 1763 2635 gigas.
