2242 2976
279 282 652 319 PALAEOGRAPHIA
666 282 952 317 COMPARATA.
997 282 1218 317 osclum&
1242 282 1496 317 HEBRAEOR.
1520 280 1581 316 ET
1603 282 1813 317 SAMARIT.
1859 286 1909 323 79

277 379 419 418 maxime
442 389 463 410 a
483 376 665 411 Franz-mo
687 378 831 410 Peresio
852 377 984 420 Bayero
1007 379 1055 421 (ς.
1078 379 1138 421 3),
1177 379 1233 421 qui
1258 378 1384 411 duobus
1405 377 1514 410 libris:
1543 378 1584 412 de
1605 382 1710 420 nam}
1731 378 1905 411 Hebraeo-

278 435 526 474 Saumrt‘tam’s,
565 434 737 467 Valentino
764 435 1001 474 Edetanotum,
1040 438 1134 467 1781.
1171 439 1205 470 4,
1242 434 1419 467 Numorum
1450 435 1905 473 hebraeo-samaritanorum

284 493 475 532 Vindicate,
505 494 598 524 1790.
619 495 651 523 4.
680 492 822 534 priorum
851 498 1017 523 auctorum
1046 491 1158 523 laudes
1187 490 1284 534 longe
1314 493 1494 534 superavit,
1515 493 1731 535 omniumque
1752 493 1907 536 suffragia

276 551 412 589 meruit]‚
442 549 562 581 frustra
586 547 754 580 lacessitus
777 560 796 580 a
821 548 861 582 G.
887 548 923 580 0.
951 547 1150 589 Tychsem'o,
1182 549 1273 580 cuius
1295 547 1424 580 libellos
1443 548 1572 580 silentio
1596 550 1779 583 transimus.

404 613 500 652 Quod
522 614 634 645 doctus
655 611 710 644 ille
732 612 900 655 Hispanus
922 623 964 644 ex
988 612 1103 645 horum
1124 624 1295 645 nnmerum
1318 612 1503 656 epigraphis
1519 615 1684 645 contexuit
1702 612 1906 656 alphabetum

276 672 327 714 (p.
350 674 423 703 224.
447 671 564 702 vindic.
584 681 616 712 p.
644 670 744 712 122),
780 679 876 711 saepe
898 679 1047 701 recusum
1071 676 1120 701 est
1152 669 1299 710 (Eckhel
1322 670 1422 701 doctr.
1445 680 1532 701 num.
1556 669 1621 708 111,
1641 673 1715 702 404.
1759 669 1909 702 Mionnet

277 726 410 759 Recneil
431 727 495 759 tab.
514 727 592 768 26),
623 725 759 758 subinde
782 732 911 757 auctum
934 737 954 758 a
975 725 1112 768 Koppio
1135 725 1196 768 (11,
1214 737 1246 768 p.
1261 729 1323 758 222
1338 726 1428 774 sqq.)
1451 732 1483 757 et
1499 726 1706 769 Lindbergio
1728 727 1794 766 (de
1809 728 1907 759 inscr.

276 783 376 816 melit.
399 795 429 826 p.
449 785 492 816 67
503 783 529 825 ):
564 794 584 815 a
606 782 700 815 nobis
726 781 791 814 tab.
814 784 834 814 3
859 781 918 814 col.
943 785 971 813 1.
995 783 1029 814 in
1053 782 1182 815 brevius
1213 789 1410 814 contractum
1433 789 1465 813 et
1487 783 1527 814 ad
1550 789 1665 825 ectypa
1686 783 1908 815 Mionnetiana

275 841 429 872 revisum.
478 838 631 883 Singulas
662 841 696 871 in
726 849 766 870 eo
788 838 966 870 litterarum
988 838 1108 871 formas
1129 841 1175 871 ita
1197 840 1431 881 disposuimus,
1462 846 1496 870 ut
1517 840 1646 871 initium
1666 839 1845 871 faceremus
1866 839 1906 871 ab

275 897 334 936 iis,
372 907 454 939 quae
486 896 526 928 ad
555 895 747 928 Phoenicius
774 897 922 938 proxime
951 896 1123 935 accedunt,
1162 897 1381 928 desineremus
1408 897 1443 927 in
1473 906 1548 935 eas,
1586 906 1667 939 quae
1697 895 1908 929 samaritanis

275 952 399 985 similes
426 959 510 985 sunt.

401 1016 547 1061 Singulis
568 1024 674 1049 autem
695 1016 886 1060 quibusdam
907 1014 1021 1058 figuris
1042 1013 1242 1048 illustrandis
1265 1015 1345 1047 haec
1362 1017 1560 1048 inserviant:

404 1082 460 1115 He
476 1081 612 1114 alterum
624 1083 670 1113 ita
683 1070 787 1119 ortum
805 1091 848 1112 ex
862 1081 987 1123 priore,
1009 1087 1044 1112 ut
1061 1081 1124 1112 duo
1141 1079 1275 1112 brachia
1288 1080 1443 1113 inferiora
1459 1080 1520 1113 sub
1535 1079 1633 1112 finem
1648 1082 1819 1113 coniuncta
1832 1083 1906 1113 sint.

410 1147 480 1180 Vav
512 1146 640 1179 litterae
676 1147 784 1179 variae
822 1146 946 1179 formae
983 1146 1059 1178 huic
1094 1146 1270 1188 scripturae
1304 1157 1434 1188 prorsus
1463 1145 1660 1189 peculiares,
1697 1146 1737 1177 de
1774 1157 1907 1189 quarum

277 1206 402 1249 origine
424 1205 497 1236 vide
518 1205 544 1243 ς.
562 1206 601 1236 17
622 1210 688 1235 not.

408 1269 500 1312 Caph
521 1269 554 1300 in
577 1267 694 1309 Bayeri
715 1267 886 1311 alphabeto
910 1267 1064 1301 omissum
1086 1278 1130 1298 ex
1152 1266 1327 1299 Jonathani
1345 1277 1444 1299 numo
1467 1266 1627 1315 supplevit
1649 1267 1809 1311 Koppius.

407 1333 486 1366 Nan
512 1332 639 1364 litterae
661 1339 773 1375 quarta
794 1332 900 1375 figura
922 1333 1034 1364 eadem
1054 1338 1212 1381 potestate
1236 1338 1285 1364 est
1306 1333 1340 1363 in
1362 1333 1459 1364 inser.
1485 1331 1602 1374 phoen.
1625 1332 1775 1373 Erycina.

393 1398 501 1439 ‚zade
521 1409 563 1430 ex
584 1396 698 1441 figuris
720 1396 903 1461 phoenicis,
927 1408 980 1428 no.
1006 1400 1035 1428 1.
1059 1400 1079 1428 2
1101 1408 1199 1440 scapo
1222 1397 1347 1430 abiecto
1371 1404 1475 1430 ortum
1499 1405 1557 1441 est.

406 1468 444 1500 In
467 1469 652 1499 universum
677 1466 913 1499 observandum
935 1474 999 1506 est,
1034 1466 1157 1500 litteras
1180 1467 1281 1507 Beth,
1311 1467 1417 1500 Resch
1447 1466 1605 1509 capitibus
1629 1478 1766 1509 superne
1790 1469 1907 1510 apertis

278 1516 313 1558 i⁸n
335 1525 396 1557 hac
417 1525 592 1567 scriptura,
630 1530 665 1555 ut
687 1525 721 1555 in
746 1523 934 1566 phoenicia,
962 1534 1052 1555 raras
1083 1535 1170 1556 esse:
1203 1531 1295 1556 notas
1327 1536 1352 1556 s.
1378 1524 1551 1555 verborum
1574 1524 1762 1565 compendia
1787 1525 1905 1565 passim

279 1582 419 1615 inveniri
435 1581 483 1623 (m
499 1591 558 1623 pro
573 1580 678 1621 must:
703 1578 979 1622 orthographiam,
1001 1590 1082 1622 quae
1096 1581 1182 1622 apud
1196 1575 1375 1612 Phoenices
1391 1579 1551 1612 defectiva
1566 1591 1637 1612 esse
1653 1579 1745 1618 solet,
1769 1579 1906 1611 subinde

278 1640 343 1671 iam
365 1636 492 1681 plenam
516 1647 589 1669 esse
611 1647 642 1670 V.
667 1647 694 1668 c.
716 1645 827 1679 :ww-ip
852 1637 1006 1675 when-v,
1036 1647 1218 1685 quanquam
1242 1638 1338 1668 etiam
1361 1645 1456 1680 rna-xp
1482 1639 1623 1676 nbwww,
1647 1636 1808 1669 scribitur.
1848 1662 1851 1665 a

1036 1748 1063 1786 §-
1097 1749 1148 1779 52.
1160 1734 1163 1742 ⁴

771 1813 1007 1857 Scriptura
1038 1813 1412 1848 Samaritanorum.

409 1891 681 1923 Samaritanarum
702 1888 879 1931 litterarum
899 1882 1018 1933 duplex
1040 1898 1089 1923 est
1110 1888 1234 1935 genus,
1261 1891 1397 1934 alterum
1421 1892 1525 1935 maius
1544 1892 1689 1924 codicum
1702 1891 1906 1931 biblicorum,

279 1948 415 1982 alterum
436 1949 542 1979 minus
563 1945 719 1978 librorum
741 1946 974 1990 liturgicorum.
1260 1934 1262 1937 ,

410 2005 500 2036 Prius
527 2002 625 2042 illud,
667 2014 729 2046 quo
761 2014 823 2036 non
853 2003 957 2036 solum
989 2004 1196 2037 Pentateuchi
1228 2006 1355 2038 codices
1387 2005 1485 2037 hodie
1508 2005 1696 2048 superstites
1718 2015 1803 2038 seco.
1826 2004 1908 2036 XIII

279 2063 319 2094 ad
342 2060 427 2093 XVI
450 2061 560 2102 scripti
584 2067 676 2098 sunt,
716 2061 773 2092 sed
796 2062 892 2092 etiam
919 2060 1073 2104 epistolae
1095 2061 1135 2093 ab
1155 2062 1253 2097 huius
1275 2063 1380 2105 gentis
1403 2060 1599 2094 antistitibus
1621 2062 1662 2093 ad
1685 2062 1772 2093 viros
1798 2062 1908 2093 doctos

279 2120 313 2151 in
336 2118 465 2160 Europa
488 2118 580 2149 datae
602 2117 646 2157 ²⁸),
679 2117 800 2159 pariter
821 2125 914 2160 atque
937 2119 1094 2161 scriptura
1116 2119 1286 2162 quadrata,
1326 2117 1593 2161 calligraphorum
1623 2118 1750 2160 quidem
1773 2116 1908 2149 artificia

280 2181 446 2218 expertum
476 2180 541 2213 est,
581 2173 638 2205 sed
669 2174 703 2204 in
734 2172 879 2216 plurimis
908 2181 1014 2213 tamen
1040 2162 1154 2218 figuris
1177 2175 1343 2218 exemplar
1365 2170 1460 2206 suum
1482 2174 1652 2206 manifesto
1675 2175 1790 2217 prodit.
1834 2173 1909 2206 Una

280 2230 477 2264 sibilantium
501 2229 618 2272 (Sain,
641 2229 798 2269 samech,
822 2229 928 2272 zade)
951 2232 1042 2273 origo
1065 2231 1250 2271 obscurior,
1276 2242 1378 2274 neque
1394 2230 1488 2263 facile
1505 2231 1610 2270 dicas,
1635 2231 1720 2263 unde
1740 2233 1907 2273 repetitum

280 2289 322 2320 sit
358 2287 434 2319 Sain
449 2310 459 2326 ,
494 2288 578 2319 unde
617 2285 705 2325 Zade
741 2297 780 2318 ea
815 2277 917 2330 quam.
945 2286 1055 2325 tabula
1087 2289 1226 2320 ostendit
1260 2287 1365 2332 figura
1401 2289 1539 2331 pictum,
1580 2299 1643 2331 qua
1678 2288 1718 2320 de
1753 2299 1788 2334 re
1821 2288 1905 2329 apud

336 2407 366 2440 *)
386 2408 429 2433 De
447 2407 587 2433 codicibus
604 2407 778 2433 pentateuchi
794 2406 969 2440 Samaritani,
990 2415 1060 2441 qno-
1129 2410 1194 2435 Jos.·
1208 2409 1381 2444 Scaligerum,
1411 2410 1468 2445 Job.
1497 2408 1648 2441 Ludolsum‚
1684 2409 1848 2439 Gregorz'um,
1881 2410 1907 2430 et

281 2464 341 2482 rum
358 2455 539 2490 septendecim
559 2455 611 2487 (ad
630 2455 747 2482 sedecim
768 2464 783 2481 a
802 2455 964 2481 Kennicouo
982 2459 1009 2481 et
1024 2447 1078 2482 de*
1128 2458 1275 2482 silvestrum
1295 2459 1326 2482 de
1347 2458 1414 2490 Sacy
1430 2457 1496 2489 datis
1523 2465 1550 2483 v.
1571 2458 1602 2482 cle
1624 2458 1690 2489 Sacy
1708 2455 1845 2481 Mdmoires
1863 2463 1905 2478 sur

282 2503 378 2530 Rossio
400 2504 548 2538 descriptos
574 2513 643 2530 nnus
671 2504 776 2530 accedit
795 2504 936 2529 Gothanns
956 2508 1058 2537 partem
1127 2503 1196 2531 l'e'iat
1222 2509 1304 2531 amuel
1329 2507 1372 2531 des
1392 2506 1559 2531 Samaritar'ns
1584 2513 1610 2537 p.
1632 2503 1666 2530 47
1686 2512 1743 2537 sqq.
1768 2507 1793 2528 et
1818 2501 1902 2527 eiusd.

284 2551 421 2578 Geueseos
438 2552 597 2586 continens)
623 2553 651 2578 in
672 2553 796 2586 Europae
818 2552 989 2578 bibliothecis
1009 2560 1059 2578 ex·
1129 2554 1348 2587 Correspomlence
1374 2555 1417 2579 des
1445 2554 1612 2579 Samaritaina
1636 2553 1668 2577 de
1692 2553 1843 2584 Ναριοιιεε,
1876 2548 1903 2574 in

283 2603 371 2632 stent,
394 2601 485 2633 paucis
504 2601 621 2627 diximus
639 2601 667 2627 iu
687 2603 819 2627 Commem-
839 2602 871 2626 de
882 2603 953 2626 Peru.
968 2603 1058 2626 Sama·
1128 2602 1231 2628 Noiices
1250 2608 1274 2628 et
1294 2604 1408 2628 Extrain
1426 2603 1460 2627 T.
1478 2602 1543 2627 ΧΠ.
1569 2599 1654 2626 Paris.
1674 2599 1749 2626 1829.

286 2649 368 2674 titano
393 2647 497 2680 (Halae
516 2650 591 2676 1815.
615 2649 659 2680 4.)
683 2658 708 2683 p.
729 2652 771 2676 17.
807 2650 850 2676 De
878 2649 1000 2683 epistolis
1025 2650 1057 2675 ad
