2242 2976
644 257 762 291 NUMI
785 256 1037 290 PHOENICES
1058 255 1284 290 PROPRIAE.
1327 244 1368 291 ll
1391 256 1539 291 SIDON.
1830 259 1907 297 267

278 361 373 395 αρξας
413 363 471 395 pro
504 359 639 395 ways-23,
679 353 765 396 quod
799 363 877 384 sane
913 351 1092 395 legitimum
1126 358 1176 383 est
1213 351 1308 394 (cum
1348 360 1370 385 te
1409 352 1515 393 art.);
1563 358 1682 385 nmen&
1724 362 1781 395 pro
1817 352 1905 384 arab.

278 402 369 454 ἓῗὶῖῗ
388 434 433 449 =
455 428 549 467 ”DE-¹!
579 420 746 452 admodum
768 421 920 453 mendax.
963 420 1072 462 Fingit
1099 421 1206 459 enim,
1241 418 1392 451 Sidonios
1423 419 1483 452 hac
1505 418 1679 462 epigraphe
1700 420 1908 462 respondisse

279 481 456 511 vicinorum
474 479 647 522 Tyriorum
669 479 856 523 metropolis
879 477 1020 511 honores
1042 478 1105 511 sibi
1127 479 1343 521 arrogantium
1368 480 1419 520 (v.
1444 490 1495 511 no.
1508 478 1534 518 1,
1551 491 1580 522 p.
1596 479 1677 520 263)
1700 478 1903 521 insolentiae.

278 535 410 579 Duplex
432 547 508 569 vero
531 548 646 569 caussa
668 543 733 576 est,
764 548 821 569 cur
843 538 877 569 in
900 536 982 569 hanc
1001 537 1193 569 sententiam
1215 535 1389 567 concedere
1410 547 1476 568 non
1500 537 1632 579 possim.
1673 535 1785 568 Altera
1803 547 1908 579 gram-

279 605 398 636 matica
433 611 483 636 est
516 612 549 636 et
582 603 804 647 philologiae:
851 604 1010 646 siquidem
1046 604 1256 642 adiectivum,
1307 603 1390 645 qnod
1428 605 1619 646 respondeat
1651 603 1780 636 arabico
1818 586 1905 638 {3135

278 664 447 707 phoenicie
469 664 675 696 scribendum
697 671 748 696 est
768 672 861 698 nnn&
883 663 935 695 vel
959 665 1064 707 potius
1081 672 1175 697 nant-t
1199 664 1287 706 (sine
1305 673 1347 702 a,
1370 663 1409 694 ad
1433 663 1570 694 formam
1587 663 1717 708 πξτςῃ),
1740 670 1904 705 praeterea

279 720 481 752 substantivo
505 720 772 763 postponendum,
811 731 914 763 neque
936 719 1034 752 facile
1055 719 1153 752 aliam
1177 730 1270 762 quam
1289 711 1469 762 perversae
1492 718 1759 762 significationem
1783 719 1904 752 habere

279 784 403 819 potest:
439 776 541 808 altera
576 778 615 808 ad
647 784 870 820 argumentum
899 784 1040 819 spectat,
1078 778 1154 819 quia
1188 777 1409 808 huiuscemodi
1437 777 1584 807 convicia
1615 783 1744 807 moneta
1776 775 1905 818 publica

278 834 312 864 in
341 832 422 865 alias
451 833 547 866 urbes
575 835 692 866 iactata
720 844 740 865 a
766 834 997 865 consuetudine
1027 840 1170 865 veterum
1206 840 1238 865 et
1268 833 1308 865 ab
1343 834 1452 864 innato
1484 833 1623 875 quodam
1653 831 1832 864 honestatis
1869 839 1903 864 et

279 889 459 932 elegantiae
491 901 587 922 sensu
611 901 744 933 prorsus
766 890 872 922 aliena
895 897 926 921 et
947 898 1115 932 propterea
1137 891 1206 922 sine
1228 888 1295 921 ullo
1316 888 1466 931 exemplo
1487 894 1573 920 sunt.
1617 887 1704 921 vani
1726 896 1758 920 et
1779 890 1904 932 magni-

277 944 366 987 loqui
393 956 465 977 esse
491 946 598 978 solent
626 948 784 979 eiusmodi
814 946 915 988 tituli,
951 957 1111 988 nunquam
1146 948 1179 978 in
1201 946 1282 978 alios
1305 947 1457 977 invidiosi
1478 953 1510 976 et
1531 945 1765 977 contumeliosi.
1808 945 1903 978 Hanc

277 1002 379 1043 ipsam
410 1001 452 1033 ob
473 1003 612 1033 'causam
640 1003 737 1034 etiam
759 1002 816 1034 alii
837 1003 1094 1044 interpretationi
1117 1002 1199 1033 nihil
1221 1002 1408 1040 tribuerim,
1443 1002 1476 1033 in
1500 1011 1595 1044 quam
1619 1012 1719 1043 nuper
1741 1013 1903 1035 nonnemo
1935 1011 1938 1015 ·

276 1057 407 1095 incidit,
439 1057 700 1090 Hamakerianae
721 1057 877 1096 similem,
908 1058 965 1089 sed
987 1059 1073 1088 intra
1093 1057 1254 1089 hebraeae
1274 1057 1405 1100 linguae
1428 1057 1511 1089 fines
1533 1068 1569 1089 se
1592 1059 1825 1090 continentem:

854 1143 902 1168 -nz
924 1142 994 1168 nna
1018 1142 1084 1176 aa:
1107 1132 1198 1168 uzu&
1221 1133 1322 1168 0:525

583 1199 810 1242 Sidoniorum,
843 1206 901 1245 qui
921 1206 1153 1244 perones-erunt
1175 1205 1211 1234 in
1233 1205 1287 1234 ira
1308 1211 1450 1234 sororem
1478 1201 1595 1243 Tyrum

279 1281 301 1310 i.
324 1289 354 1321 q.
382 1279 436 1320 qui
458 1279 587 1320 penitus
610 1284 833 1319 percusserunt
854 1285 887 1309 et
909 1278 1060 1320 fugarunt
1085 1277 1207 1319 Tyrum
1227 1289 1370 1309 sororem
1394 1278 1480 1319 (non
1494 1279 1665 1318 matrem):
1689 1279 1772 1320 quod
1788 1279 1902 1323 referri

281 1341 405 1378 poterat
434 1334 475 1365 ad
497 1323 648 1366 victorias
670 1334 702 1364 in
727 1333 822 1365 bellis
854 1333 1002 1366 civilibus
1028 1334 1268 1365 Seleucidarum
1299 1344 1318 1365 a
1347 1332 1488 1365 Sidoniis
1519 1333 1559 1364 de
1590 1331 1717 1380 Tyriis,
1756 1323 1901 1367 diversae

279 1392 362 1423 forte
391 1389 541 1422 factionis
569 1390 741 1429 studiosis,
780 1397 968 1433 reportatas.
1019 1388 1064 1422 Ut
1086 1390 1189 1422 dicam
1221 1390 1304 1432 quod
1333 1391 1454 1428 sentio,
1493 1395 1557 1421 tres
1588 1388 1682 1421 huius
1712 1390 1902 1433 epigraphes

279 1447 405 1479 litterae
428 1454 496 1479 272:
519 1445 576 1478 lin.
592 1450 612 1478 2
634 1446 783 1478 videntur
800 1447 967 1479 scribendi
981 1447 1171 1489 compendia
1192 1446 1268 1489 (lib.
1284 1450 1299 1478 1
1323 1448 1351 1486 §.
1368 1446 1542 1487 37)‚esse,
1576 1447 1609 1477 in
1632 1446 1746 1489 quibus
1771 1448 1902 1478 nomina

279 1505 408 1547 propria
429 1504 591 1535 civitatum
614 1514 633 1534 a
656 1502 798 1535 Sidoniis
821 1504 1039 1543 conditarum,
1074 1515 1154 1547 quae
1174 1505 1302 1536 tandem
1325 1513 1448 1545 cunque
1470 1501 1546 1534 illae
1570 1509 1660 1541 sunt,
1680 1501 1816 1542 lateant,
1839 1513 1902 1546 qua

279 1561 402 1592 ratione
425 1560 575 1602 adoptata
598 1557 772 1601 epigraphe
794 1561 839 1591 ita
859 1559 925 1602 legi
951 1561 1071 1602 possit:

604 1625 739 1676 mng
1340 1626 1589 1671 Sidoniorum

547 1698 583 1740 ‘2
611 1697 650 1740 ’ῃ
680 1696 713 1741 '2
746 1706 803 1741 mg
1126 1696 1265 1732 matris
1293 1695 1421 1740 Cittci,
1454 1695 1633 1740 Melitae,
1659 1695 1803 1742 Beryti

576 1771 662 1807 nm<
703 1772 760 1820 q&
1333 1764 1425 1800 item
1450 1764 1596 1799 sororis

647 1839 705 1875 ἾΞ
1118 1827 1122 1831 ’
1414 1831 1516 1879 Tyri.

409 1911 546 1944 Minime
568 1913 654 1944 enim
675 1910 887 1954 improbabile
910 1917 959 1942 est
978 1911 1186 1954 magnificum
1205 1916 1321 1946 matra}
1344 1912 1553 1948 Sidoniorum
1572 1924 1709 1950 nomen,
1729 1922 1793 1955 quo
1809 1910 1902 1953 Tyrii

281 1970 395 2002 eodem
417 1975 558 2010 tempore
580 1969 614 2000 in
633 1969 738 1999 numis
761 1969 806 2000 uti
829 1974 1001 2010 coeperant
1023 1968 1113 2010 (vide
1132 1979 1184 2001 no.
1198 1968 1248 2011 1),
1273 1971 1369 2002 etiam
1384 1970 1591 2003 Sidoniorum
1609 1970 1721 2002 urbem
1743 1967 1901 2000 aemulam

281 2027 454 2063 incitasse,
490 2032 525 2056 ut
555 2025 595 2057 de
623 2023 811 2057 honorificis
833 2024 936 2056 titulis
956 2024 1021 2057 sibi
1049 2026 1082 2056 in
1105 2032 1234 2070 moneta
1255 2026 1432 2059 tribuendis
1455 2028 1629 2070 cogitaret,
1659 2027 1803 2068 adeoque
1824 2024 1904 2057 illud

281 2086 404 2115 sororia
439 2081 519 2122 Tyri
546 2080 710 2122 epitheton
740 2081 973 2123 quodammodo
1007 2083 1188 2123 oppositum
1217 2093 1288 2115 esse
1318 2086 1520 2126 arrogantiae
1553 2083 1634 2125 Tyri
1670 2084 1768 2116 totius
1799 2081 1904 2114 Phoe-

282 2140 370 2170 nices
410 2148 446 2170 se
483 2144 616 2169 matrem
655 2136 860 2179 appellantis:
904 2138 998 2168 modo
1038 2136 1077 2169 ab
1113 2139 1274 2171 invidioso
1310 2147 1342 2171 et
1375 2142 1494 2172 rustico
1533 2140 1748 2172 contentionis
1783 2148 1902 2180 genere

282 2205 339 2227 eos
360 2196 394 2226 in
418 2194 469 2226 his
491 2195 704 2225 monumentis
727 2193 919 2224 abstinuisse
942 2200 1100 2235 putamus.
1146 2194 1209 2225 Sed
1235 2197 1319 2238 agite
1342 2198 1405 2228 iam
1429 2204 1569 2228 nostram
1593 2197 1775 2238 opinionem
1797 2193 1903 2236 paullo

283 2252 462 2283 accuratius
484 2249 680 2292 explicemus
703 2257 735 2281 et
757 2261 777 2281 a
798 2249 1051 2281 dubitationibus
1074 2251 1285 2284 vindicemus.

411 2331 460 2364 Ac
476 2335 618 2374 primum
639 2331 721 2363 sorte
737 2330 907 2362 offenderit
924 2329 1039 2372 aliquis
1054 2332 1087 2362 in
1102 2342 1141 2362 eo
1157 2333 1240 2374 quod
1255 2334 1436 2366 iunximus:
1460 2333 1680 2372 Sidoniorum,
1703 2336 1818 2365 matris
1832 2339 1903 2370 etc.,

284 2387 438 2430 nobisque
467 2394 612 2419 occurrat
640 2398 712 2419 cum
741 2386 926 2419 Hamakero
956 2386 977 2418 l.
1002 2399 1049 2427 c.‚
1087 2389 1117 2419 id
1151 2399 1170 2419 a
1198 2391 1327 2430 syntaxi
1354 2390 1495 2423 alienum
1524 2401 1614 2428 esse,
1653 2400 1732 2431 quae
1764 2389 1903 2431 requirat

285 2452 328 2478 n&
359 2446 451 2485 15:25.
504 2443 566 2475 Cui
597 2444 845 2486 respondemus,
885 2444 967 2475 hanc
999 2452 1189 2476 structuram
1218 2447 1253 2477 in
1280 2449 1404 2490 graecis
1434 2458 1557 2491 qnoque
1589 2445 1702 2477 horum
1737 2453 1902 2476 numorum

287 2499 467 2542 epigraphis
497 2502 737 2533 usitatissimam
769 2508 800 2531 et
829 2499 993 2532 solennem
1018 2511 1108 2539 esse,
1146 2508 1177 2533 et
1198 2504 1377 2535 sexcenties
1401 2504 1481 2535 dici:
1511 2501 1689 2542 Ἀντιοχέων
1713 2503 1767 2538 τῆς
1786 2510 1904 2540 μητρο-

287 2554 405 2593 πόλεως
435 2557 486 2597 (v.
508 2557 679 2589 Froehlich
703 2555 788 2588 Ann.
810 2556 880 2597 Syr.
903 2568 931 2599 p·
956 2559 1026 2588 101.
1051 2561 1120 2589 111.
1149 2560 1247 2597 115),
1285 2560 1455 2591 Σελευκέων
1478 2561 1534 2599 τῆς
1554 2558 1638 2600 ἱερᾶς
1659 2558 1709 2589 καὶ
1731 2553 1904 2595 αὐτονόμου

288 2610 352 2651 (ib.
368 2613 419 2643 ⁷9.
440 2612 510 2644 101.
526 2615 625 2654 106),
648 2613 833 2646 Λαοδικέων
856 2616 911 2654 τῆς
933 2612 1015 2655 ἱερᾶς
1037 2614 1086 2645 καὶ
1100 2613 1275 2655 αὐτονόμου
1298 2616 1360 2656 (ib.
1373 2627 1401 2658 p.
1417 2615 1497 2656 91),
1521 2613 1764 2655 Σαγαλασσαίων
1780 2609 1905 2654 πρώτης

1425 2677 1465 2705 34
1487 2676 1500 2692 *
