2242 2976
809 282 927 316 NUM1
949 280 1107 315 CILICII.
1151 280 1226 314 Vll.
1249 280 1433 314 TARSUS.
1855 283 1928 322 281

437 378 580 411 Litteras
611 376 770 409 solitarias
803 378 836 408 in
866 387 942 408 area
970 377 1109 418 positas,
1146 377 1214 408 sive
1234 375 1296 407 hae
1319 376 1525 418 magistratus
1546 375 1706 415 indicant,
1735 377 1806 408 sive
1828 387 1931 409 annos

273 475 275 477 Ι
307 436 512 479 (quanquam
548 435 625 466 anni
660 435 694 465 in
732 434 838 465 numis
875 432 1052 476 phoeniciis
1082 432 1170 464 cifris
1201 432 1418 486 indicantur),
1457 443 1541 463 nunc
1573 433 1682 471 mitto,
1725 433 1766 464 ad
1795 437 1930 466 tertiano

307 493 549 534 inscriptionem
573 502 624 523 me
646 496 855 528 convertens,
891 500 972 532 quae
995 495 1044 520 est
1073 490 1106 520 in
1128 488 1188 521 litt.
1212 487 1250 520 C.
1272 488 1313 520 D.
1337 489 1383 530 Ε,
1417 495 1449 520 et
1470 499 1489 519 a
1511 487 1739 521 Bellen-manno
1762 488 1798 530 (l
1819 500 1848 532 p,
1864 490 1928 532 2⁷)

309 547 518 591 probabiliter
537 547 672 590 legitur:

1044 596 1147 622 mann
1158 611 1168 627 ,

307 659 381 690 vide
404 659 545 690 maxime
567 656 761 700 epigraphen
784 658 818 688 in
841 655 997 699 exemplis
1020 653 1046 687 C
1069 662 1101 687 et
1123 656 1170 695 E,
1195 666 1270 687 nam
1289 656 1322 687 in
1338 654 1370 687 D
1383 654 1509 687 litterae
1523 656 1629 688 minus
1645 657 1830 698 perspicuae
1847 664 1929 690 sunt.

307 715 489 747 Secundam
510 715 637 757 quidem
658 713 796 745 litteram
819 712 936 755 aliquis
960 714 1057 756 etiam¹
1076 712 1185 745 Res-cli
1207 722 1279 744 esse
1303 722 1436 743 censere
1458 712 1579 754 possit,
1611 711 1727 744 collata
1744 715 1813 746 eius
1827 713 1933 757 figura

307 772 340 803 in
368 770 430 803 litt.
461 770 502 802 A.
540 770 586 809 B,
623 760 662 802 inv
689 769 804 812 quibus
837 769 928 811 Caph
958 768 1050 801 aliter
1080 770 1240 812 pingitur:
1280 769 1405 800 videtur
1435 775 1541 800 tamen
1571 767 1651 800 haec
1680 776 1788 801 nostra
1816 769 1931 813 figura,

307 834 419 869 utpote
441 833 534 869 caput
567 826 688 859 habens
718 826 919 868 depressius,
954 825 995 857 ab
1024 824 1082 856 illa
1109 824 1287 868 paullulum
1315 825 1455 857 differre.
1509 823 1651 856 Differre
1680 835 1751 857 eam
1779 837 1799 858 a
1826 828 1930 866 tertia,

307 884 518 915 certissimum
547 890 617 922 est,
662 889 697 914 ut
725 882 904 914 audiendus
937 880 1001 913 n‘on
1035 883 1078 913 sit
1108 881 1304 921 Dutensius,
1343 883 1396 924 qui
1430 889 1523 914 :72:211
1560 880 1732 924 legendum
1767 883 1929 915 censebat.

306 939 478 971 Praeterea
515 946 660 971 extrema
694 938 802 970 littera
839 939 934 969 etiam
980 933 1050 970 Van
1087 948 1160 969 esse
1188 939 1306 980 possit,
1350 939 1402 969 cui
1436 938 1517 969 adeo
1553 937 1690 970 similior
1727 945 1794 979 est,
1834 950 1931 982 quum

305 1006 454 1037 suprema
481 1007 554 1037 pars
582 996 616 1026 in
649 994 811 1026 nonnullis
841 993 999 1035 exemplis
1024 994 1161 1025 rotunda
1182 995 1235 1025 sit.
1280 992 1372 1031 Quae
1395 1004 1491 1035 quum
1511 993 1688 1036 paullulum
1711 995 1834 1027 incerta
1855 997 1930 1036 sint,

304 1053 402 1093 etiam
425 1052 465 1082 de
486 1052 749 1093 interpretatione
769 1056 888 1081 certam
911 1050 1102 1080 sententiam
1126 1059 1189 1080 non
1211 1049 1359 1082 dixerim.
1403 1050 1456 1081 Ex
1471 1051 1577 1092 priore
1594 1050 1651 1082 illa
1673 1050 1931 1094 (Bellcrmanni)

306 1107 444 1139 lectione
479 1115 581 1140 »πει-ι
617 1105 774 1148 explicari
811 1111 916 1148 potest
945 1113 985 1147 273
1015 1097 1074 1148 ²5:32³
1105 1105 1257 1148 dirigens
1286 1116 1400 1148 magur
1429 1106 1451 1136 i.
1483 1117 1511 1147 q.
1543 1115 1582 1148 ²⁷3
1612 1114 1656 1142 :a
1690 1108 1770 1148 (Jer.
1800 1111 1858 1147 39,
1891 1110 1930 1150 3)

307 1163 516 1206 archimaguae
558 1165 609 1204 (v.
647 1164 687 1195 ad
726 1161 788 1194 Cit.
827 1161 915 1203 11),
959 1173 1022 1204 quo
1057 1163 1187 1193 nomine
1220 1172 1362 1193 summus
1398 1155 1549 1193 sacerdos
1586 1161 1740 1195 Olbensis
1776 1164 1932 1207 appellari

305 1228 446 1263 poterat,
480 1221 634 1262 cuiusque
662 1219 782 1250 mentio
812 1229 832 1249 a
862 1225 991 1250 moneta
1009 1218 1148 1250 Persicis
1168 1217 1282 1260 figuris
1305 1224 1417 1249 ornata
1438 1218 1585 1260 profecto
1607 1218 1714 1251 aliena
1736 1231 1799 1251 non
1823 1221 1930 1252 fuerit.

307 1276 373 1314 Qui
396 1288 473 1308 vero
496 1285 596 1310 mnan
618 1275 790 1317 legendum
814 1281 962 1313 censeat,
993 1275 1020 1306 is
1042 1275 1255 1317 pronunciare
1275 1275 1377 1317 possit
1395 1280 1434 1308 ,ἥγε
1460 1282 1520 1320 *mn
1548 1275 1671 1318 (malus
1693 1286 1798 1318 aquae
1827 1277 1868 1308 cf.
1891 1278 1930 1309 de

305 1338 342 1369 ἢκ]
367 1343 453 1375 aqua
475 1333 516 1364 ad
537 1334 633 1364 inser.
650 1335 691 1364 67
707 1331 796 1374 ter),
826 1332 909 1373 quod
925 1342 983 1373 pro
1000 1331 1175 1363 domestico
1191 1330 1280 1362 urbis
1297 1332 1461 1363 cuiusdam
1476 1330 1611 1363 Ciliciae
1626 1331 1778 1373 (Mami)
1800 1334 1930 1365 nomine

262 1392 264 1394 ’
308 1391 437 1432 proprio
466 1389 648 1421 habendum
677 1393 773 1419 esset.
831 1387 882 1418 De
908 1387 1014 1418 Flavii
1041 1386 1172 1426 Ursini,
1208 1386 1341 1428 Haymii
1378 1394 1409 1418 et
1445 1387 1621 1419 Swintonis
1650 1389 1766 1430 nugis,
1806 1390 1861 1431 qui
1888 1400 1930 1422 ex

307 1448 445 1489 quinque
466 1444 532 1477 illis
552 1444 666 1476 litteris
690 1442 884 1475 Hannibalis
906 1454 1022 1475 nomen
1045 1442 1307 1485 exsculpserunt,
1331 1443 1452 1475 referre
1474 1445 1576 1486 piget:
1601 1454 1660 1476 nec
1673 1445 1735 1476 nisi
1749 1455 1931 1487 repugnans

307 1503 347 1534 de
369 1501 547 1534 Hamakeri
570 1503 602 1532 in
625 1501 709 1532 hanc
733 1511 859 1543 quoque
882 1488 1076 1542 epigraphen
1094 1501 1286 1531 coniecturis
1305 1510 1460 1531 memoro.
1504 1499 1536 1531 Is
1557 1501 1642 1532 enim
1666 1500 1783 1542 (Misc.
1805 1512 1835 1543 p.
1853 1502 1930 1543 146)

307 1561 446 1602 quinque
467 1557 540 1590 illas
561 1557 685 1589 litteras
707 1557 804 1600 Jmnb
825 1555 923 1598 legit,
960 1556 1056 1598 idque
1075 1557 1228 1597 scriptum
1243 1563 1359 1587 censet
1380 1567 1437 1598 pro
1463 1557 1604 1604 Γηῃᾙνςξ
1628 1555 1669 1588 ab
1693 1564 1801 1590 ειη-μα
1823 1558 1933 1589 imula

308 1618 486 1653 victorum,
524 1614 684 1656 quomodo
719 1614 759 1644 de
791 1612 913 1654 (falsa)
944 1611 1065 1654 Koppii
1094 1613 1254 1643 sententia
1281 1613 1316 1643 in
1347 1614 1453 1645 numis
1484 1611 1675 1645 Cossuraeis
1713 1612 1765 1655 (v.
1793 1612 1930 1654 no.'13)

287 1671 439 1715 'legiturz
467 1672 605 1713 priorem
628 1676 735 1701 autem
754 1670 892 1700 nominis
916 1675 1036 1710 partem
1061 1669 1094 1699 in
1115 1667 1280 1710 gentilicio
1302 1668 1461 1701 abiectam
1484 1676 1612 1708 censet,
1641 1676 1676 1701 ut
1702 1678 1778 1712 ⁵³³⁷?
1805 1670 1931 1702 ducitur

308 1739 328 1759 a
356 1737 467 1774 ruffin.
519 1725 581 1758 Cui
608 1727 787 1758 sententiae
817 1732 890 1756 ante
923 1726 1030 1756 omnia
1060 1724 1121 1755 hoc
1152 1724 1278 1764 obstat,
1318 1736 1361 1757 ex
1394 1737 1456 1768 quo
1479 1727 1583 1757 omnis
1606 1712 1782 1768 disputatio
1800 1726 1930 1768 pendet,

308 1784 392 1827 quod
420 1783 546 1815 litterae
574 1784 637 1820 ita,
674 1788 710 1812 ut
739 1781 816 1812 fecit
843 1781 906 1819 H.,
935 1780 1023 1812 nullo
1045 1781 1140 1812 modo
1161 1780 1227 1822 legi
1249 1788 1400 1823 possunt:
1436 1793 1531 1824 quum
1556 1792 1658 1824 neque
1681 1784 1784 1824 prima
1806 1783 1933 1814 Lamed

308 1851 380 1872 esse
404 1840 503 1882 possit
527 1838 780 1881 (quodammodo
802 1836 906 1868 simile
929 1837 1056 1879 quidem
1078 1844 1127 1869 est
1149 1837 1272 1869 Lamed
1288 1837 1510 1877 Numidicum,
1533 1838 1590 1870 sed
1608 1849 1745 1880 superne
1759 1839 1931 1871 rotundum

311 1953 553 1978 averruncarentur
571 1946 930 1987 (imozaverruncarent)-“
959 1945 1009 1974 Cui
1024 1945 1085 1980 qui-
1154 1954 1197 1981 00
1221 1953 1302 1991 Τις),
1330 1959 1417 1990 ,ι’-ΡΜ,
1444 1964 1587 1990 argenteam
1616 1957 1783 1994 significabit·
1820 1958 1875 1984 Iam
1894 1966 1931 1984 ex

312 2001 371 2026 ‘lem
394 1998 568 2032 explicafionl
584 1997 628 2023 Vi‘
644 1998 739 2023 domus
757 1997 834 2022 flliflm
851 1995 939 2021 8ῑὸῐὶῐῦ
952 1995 1085 2021 ⁸⁰b¹¹e⁰¹l⁸
1153 2005 1255 2031 utravis
1274 2005 1494 2039 interpretatione
1511 2007 1566 2032 hoc
1578 2010 1684 2032 constat
1700 2006 1758 2032 sine
1771 2005 1930 2033 detrimento

310 2047 352 2074 his
369 2046 477 2075 verbis:
505 2046 690 2080 „Quanquam
712 2046 798 2071 adhuc
815 2044 972 2074 subdubito,
997 2048 1086 2069 utrum

1154 2058 1303 2083 sententiae
1326 2057 1413 2083 omitti
1432 2057 1551 2090 potuisse
1573 2057 1638 2083 illud
1657 2057 1718 2087 ΕΟ,
1738 2059 1810 2092 quod
1827 2062 1857 2084 ut
1870 2062 1931 2085 ante

310 2099 362 2126 alia
379 2098 456 2126 vocis
474 2094 555 2133 *[Ἶῖἳᾶ
582 2096 726 2131 explicatio
744 2097 921 2130 praeferenda
934 2095 976 2126 sit,
995 2103 1085 2130 gram-

310 2147 406 2174 matica
426 2146 531 2172 ratione
558 2147 683 2175 multum,
709 2153 790 2171 sensu
806 2144 903 2170 leviter
920 2144 1084 2177 discrepans.

311 2196 379 2223 Cum
397 2195 467 2222 enim
487 2198 590 2221 constet
611 2193 639 2219 in
658 2194 779 2219 dialectis
800 2192 899 2219 variari
919 2192 947 2217 iu
965 2191 1035 2217 Zain
1059 2195 1086 2217 et

311 2248 401 2274 Tsade
426 2250 452 2272 et
480 2246 550 2282 ⁸92¹
571 2245 666 2271 efferre
685 2244 786 2278 Syros;
812 2245 883 2277 quod
902 2243 998 2277 reliqui
1017 2242 1085 2277 1752

312 2298 499 2332 pronuntiant,
532 2297 595 2323 item
621 2303 816 2329 saepenumero
837 2294 912 2328 Caph
937 2302 987 2327 pro
1007 2293 1087 2326 Koph

313 2346 456 2379 substitui,
496 2345 571 2372 cuius
606 2344 808 2378 permutationis
848 2342 1087 2369 luculentissimum

314 2399 467 2431 exemplum
492 2402 532 2424 est
555 2397 583 2423 in
612 2396 683 2432 ΡΠΞΞ
708 2399 735 2421 et
758 2388 872 2420 &svo
897 2393 972 2426 risit,
1006 2400 1087 2418 nemo

314 2457 378 2474 sane
393 2448 555 2481 inffliabhur,
571 2449 633 2482 quin
646 2445 703 2482 ’ΤΠ
722 2446 802 2473 etiam
818 2454 867 2479 pro
886 2446 944 2477 12¹1?
973 2448 1000 2470 et
1018 2444 1086 2474 1772

315 2496 367 2522 dici
394 2496 485 2530 possit.
520 2499 581 2523 Hoc
606 2505 673 2523 vero
700 2496 727 2521 in
753 2503 825 2528 spec.
847 2494 873 2519 11
896 2497 970 2519 notat
988 2494 1084 2526 stipem,

316 2547 506 2577 eleemosynam,
529 2548 661 2578 pecuniam
684 2545 735 2570 deo
761 2551 862 2569 sacram
880 2541 986 2576 largiri:
1015 2540 1086 2567 eius-

316 2602 369 2628 que
385 2595 550 2629 participium
568 2596 703 2629 passivum
722 2594 803 2634 331⁷?
827 2594 911 2627 ipsam
940 2593 1020 2628 igitur
1038 2594 1088 2618 de—

317 2642 432 2678 signabit
454 2646 584 2677 pecuniam
601 2647 656 2670 Deo
676 2646 785 2670 dicatam
796 2654 803 2668 :
831 2646 858 2669 et
876 2646 931 2668 iola
948 2640 1087 2675 inscriptio

1154 2105 1231 2138 dixi,
1255 2105 1283 2131 in
1304 2105 1440 2131 nonnullis
1459 2106 1590 2140 exemplis
1606 2106 1774 2133 desideratur
1794 2106 1863 2140 (imo
1880 2114 1930 2140 po-

1154 2154 1221 2180 tius:
1248 2162 1296 2189 pro
1312 2162 1366 2189 quo
1381 2154 1409 2180 in
1425 2154 1482 2180 aliis
1498 2155 1630 2188 exemplis
1646 2155 1714 2181 aliae
1735 2143 1839 2181 liberae
1856 2163 1931 2181 com·

1154 2207 1249 2237 parent
1259 2203 1310 2234 ).“
1359 2204 1531 2238 Quantopere
1554 2203 1584 2228 in
1613 2202 1655 2229 his
1683 2203 1789 2239 linguae
1813 2203 1930 2229 rationes

1154 2251 1263 2277 torserit
1286 2251 1331 2277 vir
1350 2252 1462 2284 doctus,
1486 2255 1516 2277 ut
1535 2251 1643 2277 adscitis
1665 2251 1785 2278 omnium
1800 2251 1931 2277 dialecto-

1154 2311 1214 2328 rum
1233 2302 1329 2328 formis
1348 2311 1384 2328 ex
1407 2303 1474 2329 falsa
1492 2303 1608 2329 lectione
1629 2300 1710 2335 ἹἹΤΤ)
1738 2303 1802 2336 (pro
1821 2294 1929 2336 ἹἾί72)

1156 2350 1315 2377 sententiam
1341 2352 1470 2385 quandam
1493 2351 1660 2387 nugatoriam
1678 2351 1802 2384 profecto
1820 2355 1846 2377 et
1862 2350 1929 2376 ridi-

1157 2400 1244 2425 culam
1267 2399 1276 2432 (
1282 2401 1409 2432 piaculum
1431 2406 1573 2432 argenteum
1592 2404 1619 2426 et
1638 2402 1699 2433 stips
1718 2400 1852 2432 argentea)
1880 2407 1930 2424 ex-

1157 2449 1309 2481 sculperet,
1341 2456 1422 2474 nemo
1445 2456 1501 2474 non
1527 2448 1669 2483 intelligit,
1701 2452 1727 2474 et
1746 2448 1825 2473 talem
1843 2445 1929 2480 expli-

1128 2511 1130 2514 .
1157 2496 1291 2522 cationem
1312 2504 1347 2522 ne
1371 2505 1596 2523 memorassemus
1620 2496 1744 2529 quidem,
1771 2495 1822 2521 nisi
1839 2503 1854 2520 a
1868 2495 1928 2520 viro

1127 2550 1129 2553 ’
1155 2545 1276 2579 profecta
1295 2549 1380 2578 esset,
1408 2545 1483 2571 cuius
1506 2545 1539 2570 de
1559 2544 1616 2570 aliis
1631 2543 1726 2570 litteris
1749 2541 1929 2569 Orientalibus

1155 2593 1249 2620 merita
1265 2594 1294 2619 in
1313 2593 1402 2619 debito
1420 2594 1524 2631 honore
1543 2593 1682 2619 habentur.

1446 2693 1486 2721 36
