2242 2976
582 276 700 310 NUMI
723 277 883 335 clulcll.
926 277 1018 311 VIII.
1045 277 1271 311 INCERTAE
1294 277 1485 311 CILICIAE
1509 277 1663 311 URBES.
1858 280 1934 317 285

307 382 397 412 esse,
436 379 468 404 et
499 371 702 404 Mionnetum
731 374 793 404 ista
814 383 855 404 ex
877 371 1026 415 analogia
1048 374 1155 415 potius
1178 384 1273 415 quam
1295 384 1337 405 ex
1363 374 1522 405 distinctis
1544 374 1633 405 numi
1654 371 1768 415 figuris
1794 372 1933 404 dedisse.

305 427 463 471 Quicquid
493 436 559 468 est,
590 430 687 460 etiam
714 431 841 472 757259:
871 428 948 460 urbs
978 428 1112 460 Ciliciae
1143 429 1238 461 nobis
1267 430 1378 472 ignota
1407 429 1550 462 videtur:
1583 430 1623 461 ad
1645 429 1799 461 verbum:
1834 429 1934 461 domi-

303 496 364 517 nus
387 489 479 528 regis
506 486 529 517 i.
554 496 582 516 e.
606 487 695 518 locus
716 489 825 528 regie,
861 489 898 517 in
920 495 980 528 quo
1003 496 1067 517 rex
1090 490 1140 518 eet
1173 486 1237 526 (cf.
1259 496 1295 527 *u-
1323 487 1404 527 ἒξξ,
1440 490 1515 533 ῖῆεης
1547 487 1654 528 ⁷2:323),
1693 486 1776 528 quod
1806 488 1933 531 regiam

304 541 490 584 significare
513 543 633 584 possit,
664 543 726 573 nisi
748 553 807 574 rex
828 543 934 584 potius
956 541 1047 573 Baal
1066 550 1114 574 est
1138 553 1164 574 s.
1188 541 1356 574 Hercules.
1400 542 1550 584 75725572,
1582 544 1611 574 si
1633 543 1728 573 modo
1746 549 1833 573 certa
1852 541 1933 573 haec

302 599 476 640 scriptura,
516 599 601 630 idem
630 597 752 630 valeret
782 599 866 641 quod
889 599 1017 640 Ἰδών)
1047 605 1079 630 et
1102 610 1145 631 ex
1166 609 1205 630 eo
1228 606 1334 630 ortum
1357 606 1460 638 esset,
1486 606 1523 631 ut
1544 600 1650 634 hymn
1674 599 1859 631 Hanm'mal
1874 609 1932 641 pro

303 654 480 687 Hannibal
498 654 630 687 Numid.
655 658 670 686 1
696 655 749 696 (in
775 655 943 697 postscr.).

430 711 473 743 K.
516 711 679 743 Herculeo
708 711 754 742 ad
781 711 954 750 dextram,
992 711 1116 743 dextra
1148 713 1272 744 clavam
1294 711 1473 751 sublatam,
1503 715 1641 744 sinistra
1664 722 1774 743 arcum
1797 716 1929 743 tensum.

302 767 339 799 In
369 778 445 799 area
475 777 560 799 crux
591 771 721 799 ansata.
757 767 794 809 )(.
819 767 891 799 Leo
921 768 1266 814 cervumsdepascens.
1310 768 1495 811 Epigraphe
1519 768 1636 811 phoen.
1661 767 1800 810 duplex,
1831 767 1932 800 altera

300 834 416 865 supra,
457 823 558 855 altera
587 824 627 855 ad
659 823 817 855 dextram.
864 823 939 856 AV.
976 824 1028 857 Ad
1052 819 1188 868 exempl.
1210 825 1298 857 Mus.
1322 825 1396 857 brit.
1441 824 1492 857 Cf.
1517 824 1657 857 Pellerin
1687 823 1710 856 l.
1734 836 1760 857 c.
1795 836 1847 857 no.
1878 828 1929 857 11.

299 879 449 912 Mionnet
470 879 492 912 1.
512 891 539 912 c.
565 891 616 911 no.
641 883 713 911 641.
728 883 808 924 ⁸642.

429 936 591 974 Quantum
614 947 656 968 ex
678 935 781 967 tribus
805 935 964 979 exemplis
988 937 1113 977 efficio,
1145 949 1226 980 quae
1249 944 1322 969 ante
1342 937 1453 969 oculos
1467 945 1559 977 sunt,
1590 937 1764 981 epigraphe
1783 937 1930 979 superior

299 993 346 1023 ita
374 991 512 1035 legenda
543 999 610 1031 est,
650 998 685 1023 ut
713 1003 785 1023 eam
818 992 878 1024 su'b
901 1003 998 1024 numo
1021 992 1081 1024 litt.
1104 993 1148 1027 K.
1173 995 1304 1036 scripsi,
1342 995 1375 1026 id
1397 1001 1447 1025 est
1469 995 1621 1034 1373143573,
1655 995 1739 1036 quod
1762 993 1930 1025 transferri

298 1049 419 1091 possit:
461 1057 526 1082 nm
555 1049 619 1091 75⁷³
651 1057 716 1079 rex
743 1052 854 1079 coetui
884 1059 910 1079 s.
943 1048 1052 1091 populi
1082 1050 1145 1088 (cf.
1175 1045 1215 1081 a'd
1234 1051 1328 1091 Eryc.
1351 1049 1409 1081 lin.
1433 1051 1490 1091 2),
1518 1058 1550 1082 et
1569 1063 1602 1083 n.
1628 1063 1674 1093 pr.
1699 1061 1770 1082 esse
1792 1050 1928 1081 videtur.
1962 1059 1970 1069 ·

298 1103 329 1136 A
358 1105 472 1136 dextro
498 1104 600 1136 latere
630 1105 664 1135 in
693 1105 842 1147 exemplo
873 1105 1026 1137 Pellerini
1054 1105 1205 1148 leguntur
1226 1105 1284 1137 illa
1306 1107 1419 1149 signa,
1452 1117 1534 1149 quae
1557 1107 1706 1146 secundo,
1721 1117 1814 1138 versu
1838 1105 1928 1137 dedi:

299 1172 444 1204 quaeque
467 1161 564 1193 cifras
585 1171 656 1192 esse
680 1172 743 1192 non
767 1161 891 1193 dubito.

425 1218 464 1250 L.
514 1217 622 1260 Caput
650 1217 821 1250 barbatum
843 1219 1012 1261 galeatum
1035 1217 1081 1249 ad
1100 1220 1161 1249 sin.
1205 1218 1337 1261 Duplex
1367 1219 1562 1262 epigraphe,
1600 1230 1665 1251 una
1693 1226 1786 1257 ante,
1827 1216 1927 1249 altera

299 1284 392 1316 pone.
421 1275 447 1315 )(
475 1274 610 1316 Iupiter
631 1275 713 1306 solio
736 1275 883 1306 insidens
905 1285 974 1306 cum
997 1279 1143 1316 accepim,
1173 1275 1219 1306 ad
1238 1279 1299 1307 ein.
1344 1276 1432 1307 Pone
1455 1275 1639 1319 epigraphe.
1684 1273 1873 1307 Pellena-l.
1899 1284 1926 1304 e.

265 1317 269 1324 ⁴
300 1341 352 1362 no.
376 1333 406 1363 8.
440 1330 588 1362 Mionnet
612 1342 664 1362 no.
688 1333 750 1362 669
763 1315 819 1362 ⁸ex
843 1330 1059 1363 delineatione
1081 1330 1326 1374 Hohlenbergii.

426 1386 501 1419 Nisi
522 1389 556 1418 in
580 1387 752 1429 epigraphe
776 1388 930 1419 adversae
955 1387 1271 1430 pingenda⁸mirifice
1292 1390 1509 1420 consentirent
1531 1387 1711 1420 Pellerinus
1733 1395 1765 1418 et
1779 1382 1927 1418 Hohlen-

299 1443 449 1486 bergius,
473 1454 544 1476 eam
567 1444 794 1475 eandem-esse
817 1451 958 1486 putarem
983 1451 1077 1486 atque
1101 1445 1134 1476 in
1156 1455 1253 1476 numo
1277 1445 1316 1477 E.
1362 1444 1450 1485 Quid
1466 1446 1526 1484 sit,
1550 1446 1595 1476 ita
1611 1451 1646 1475 ut
1661 1455 1746 1475 nunc
1761 1445 1844 1485 picta
1865 1448 1925 1480 est,

299 1497 362 1531 non
394 1501 541 1542 expedio.
587 1499 737 1532 Ceterum
765 1500 846 1535 haec
875 1490 1049 1543 epigraphe
1071 1500 1186 1533 litteris
1207 1500 1384 1544 paullulum
1406 1503 1535 1533 mutatis
1558 1501 1670 1532 eadem
1693 1510 1764 1532 esse
1787 1499 1924 1536 videtur,

298 1562 393 1598 quam
414 1555 511 1588 habet
534 1567 649 1588 numus

425 1612 473 1645 M.
516 1613 651 1656 Iupiter
679 1617 771 1645 ntum
801 1613 846 1644 ad
876 1614 925 1652 d.,
964 1613 1088 1645 dextra
1126 1619 1305 1656 sceptrum,
1340 1618 1478 1646 sinistra
1509 1617 1668 1657 porrecta
1700 1615 1809 1644 nescio
1847 1609 1926 1652 quid

298 1673 413 1700 tenens·
442 1669 479 1711 )(.
521 1667 651 1702 Fervet·
672 1668 741 1702 viri
760 1671 895 1701 Persici
915 1669 960 1701 ad
981 1670 1143 1702 dextram.
1187 1670 1239 1702 Ex
1264 1670 1379 1703 Museo
1403 1671 1484 1703 Brit.

426 1724 466 1757 N.
517 1726 576 1757 Vir
590 1727 678 1758 cultu
687 1730 820 1767 persico
837 1726 935 1767 (rex)
952 1726 998 1757 ad
1010 1729 1070 1757 sin.
1093 1726 1229 1758 bestiam
1245 1728 1368 1772 alatam
1384 1729 1499 1770 gladio
1511 1727 1736 1770 per-fossurus.
1760 1724 1788 1767 )(
1815 1724 1923 1755 Vacca

298 1782 433 1813 vitulum
456 1782 595 1813 lactans.
640 1782 743 1823 Supra
768 1781 940 1824 epigraphe
964 1791 1055 1815 aava.
1098 1782 1224 1815 Dutens
1247 1795 1276 1826 p.
1302 1787 1372 1816 140.

426 1836 467 1868 O.
512 1838 674 1869 Hercules
702 1839 825 1869 leonem
855 1838 961 1869 cauda
985 1838 1181 1880 prehensum
1206 1840 1429 1882 perfecturus.
1462 1839 1488 1882 )(
1530 1840 1606 1872 Ovis
1634 1850 1753 1882 agnum
1782 1838 1921 1875 lactans,

297 1905 392 1936 supra
414 1894 617 1936 phoenicium
639 1903 670 1927 2.
715 1894 840 1926 Dutens
861 1906 892 1936 p.
914 1897 966 1926 68.
998 1894 1147 1926 Mionnet
1168 1895 1227 1934 ΙΙΙ,
1251 1908 1280 1938 p.
1306 1899 1368 1928 670
1392 1908 1445 1928 no.
1469 1899 1542 1929 687.

424 1949 601 1982 Dutensius
628 1950 651 1982 l.
681 1962 708 1982 c.
744 1951 828 1982 hunc
866 1961 996 1982 numum
1034 1950 1166 1994 Vagae,
1201 1951 1374 1984 Numidiae
1404 1953 1496 1992 urbi,
1533 1953 1646 1985 tribuit
1680 1959 1760 1985 κη’-ἰ
1797 1951 1921 1992 Vagam

295 2009 532 2049 interpretatus.
578 2007 642 2038 Sed
664 2007 1032 2039 Persico—Phoenicium
1056 2009 1078 2040 i.
1102 2019 1130 2040 e.
1155 2007 1302 2040 Cilicium
1327 2021 1399 2041 eum
1424 2021 1513 2049 esse,
1543 1996 1681 2052 argilunt
1701 2009 1817 2050 prioris
1833 2007 1921 2038 attri-

295 2063 382 2095 buta.
427 2062 515 2102 Quid
538 2074 615 2095 vero
639 2065 681 2095 sit
702 2073 799 2103 aava,
836 2070 868 2094 et
887 2065 971 2095 sitne
993 2064 1130 2095 fortasse
1153 2065 1357 2098 scribendum
1380 2068 1464 2102 uby:
1493 2068 1588 2108 (nam
1611 2076 1744 2097 numum
1768 2075 1831 2096 non
1856 2062 1920 2093 vidi

294 2126 328 2151 et
352 2120 477 2151 videtur
497 2119 553 2150 ille
579 2121 762 2152 rarissimus
782 2120 894 2160 esse),
929 2131 992 2151 non
1016 2120 1145 2152 definio.

421 2176 457 2208 P.
506 2176 613 2218 Caput
635 2177 788 2209 Palladis
808 2178 976 2219 galeatum
1004 2177 1041 2218 )(.
1083 2177 1191 2219 Caput
1212 2179 1372 2210 Palladit»->
1387 2179 1577 2218 adversum,
1614 2179 1744 2221 galeam
1766 2180 1919 2217 utrinque

295 2236 465 2264 cristatam
492 2244 630 2275 gerens,
667 2245 738 2264 cum
768 2232 940 2275 epigraphe
971 2234 1035 2278 75⁷²
1068 2235 1172 2276 parth.
1227 2234 1279 2266 Ad
1309 2234 1491 2277 exemplum
1513 2235 1597 2267 Mus.
1621 2234 1701 2267 Brit.
1730 2234 1770 2265 cf.
1793 2233 1918 2264 Dutens

296 2299 325 2329 p.
349 2291 399 2320 78.
435 2288 583 2320 Mionnet
606 2289 647 2332 pl.
672 2293 723 2322 54.
752 2289 792 2321 T.
815 2288 871 2328 111,
897 2301 925 2331 p.
949 2292 1021 2321 663.

422 2344 512 2376 Nihil
536 2347 653 2377 certius
677 2353 726 2377 est
746 2345 924 2388 epigrapha
943 2348 1008 2388 75⁷2
1033 2349 1135 2390 parib.
1181 2347 1275 2379 Hanc
1297 2347 1446 2390 Koppius
1470 2348 1519 2390 (ΙΙ
1533 2361 1565 2392 p.
1582 2348 1665 2388 205)
1687 2347 1798 2379 tribuit
1811 2344 1914 2376 Areae

297 2399 473 2432 Caesareae
502 2402 544 2432 ad
573 2402 755 2441 Libanum,
790 2404 884 2445 eique
907 2404 1044 2434 assensit
1065 2403 1282 2446 Lindbergius
1305 2415 1374 2447 pag.
1398 2408 1433 2436 11
1447 2428 1457 2444 ‚
1486 2407 1611 2437 assensi
1634 2411 1665 2435 et
1686 2406 1753 2446 ipse
1776 2404 1808 2433 in
1832 2401 1915 2432 notis

297 2458 335 2488 ad
368 2456 583 2490 Burckhardti
615 2460 685 2490 itin.
717 2459 829 2500 Syriae
858 2458 873 2490 Ι
905 2470 935 2501 p.
961 2462 1020 2491 271
1054 2460 1101 2491 ed.
1131 2471 1247 2503 germ„
1282 2461 1337 2493 ubi
1365 2460 1460 2503 plura
1489 2463 1528 2493 de
1558 2461 1614 2493 illa
1644 2461 1724 2492 urbe
1756 2458 1913 2499 congessi-

296 2512 359 2544 Sed
383 2514 488 2545 denuo
510 2514 593 2546 hanc
614 2527 758 2547 caussam
782 2514 961 2547 recolentes
984 2515 1076 2557 plura
1098 2515 1173 2548 huic
1195 2518 1373 2549 sententiae
1397 2518 1525 2549 obstare
1547 2519 1704 2554 vidimus,
1740 2522 1913 2554 verumque

294 2569 413 2600 vidisse
435 2571 584 2603 videntur
604 2572 792 2604 Mionnetus
814 2571 932 2614 aliique
951 2571 1239 2616 Numismatologi‚
1268 2575 1320 2616 qui
1336 2574 1417 2605 hanc
1432 2580 1592 2605 monetam
1609 2572 1743 2604 Ciliciae
1760 2570 1912 2601 tribuunt.

293 2626 437 2656 Primum
471 2628 556 2658 enim
595 2628 688 2661 huius
726 2630 814 2661 numi
850 2628 974 2661 fabrica
1008 2628 1105 2672 longe
1139 2629 1317 2672 elegantior
1347 2637 1378 2661 et
1406 2631 1553 2670 nitidior,
1598 2639 1691 2671 quam
1722 2626 1912 2658 Phoeniciae
