2242 2976
328 275 405 311 210
455 270 588 306 LIBER
601 268 848 304 SECUNDUS.
879 267 1219 302 INSCRIPTIONES
1236 267 1520 302 PHOENICIAE.
1551 268 1699 303 CAPUT
1715 268 1917 303 SEXTUM.

328 366 463 405 similia,
501 366 558 397 sed
586 362 851 406 inscriptionibus
886 362 939 394 vel
971 362 1082 394 latinis
1115 361 1167 393 vel
1197 361 1295 395 nullis
1325 364 1493 395 instructa.
1542 362 1656 394 Amice
1684 373 1758 395 eam
1786 363 1955 396 nobiscum

330 421 575 455 communicavit
603 420 700 451 Com.
731 419 892 451 Leman:
928 418 972 451 V.
1003 418 1073 450 Cel.
1109 418 1197 451 illius
1233 418 1342 451 Musei
1371 418 1633 461 subpraei'ectus,
1671 419 1726 461 qui
1754 419 1787 451 in
1816 418 1956 459 „Musei

328 478 556 520 Lugdunensis
579 475 828 508 Monumentis“
856 477 973 508 iustam
1003 475 1118 508 horum
1147 483 1426 508 monumentorum
1455 475 1630 507 editionem
1657 481 1691 506 et
1711 473 1956 508 illustrationem

329 534 407 566 olim
447 534 577 565 daturus
616 539 675 575 est,
742 531 894 575 Sequitur
930 539 1038 564 autern
1074 531 1128 564 hic
1162 531 1326 575 catalogus
1363 532 1502 569 indicem
1533 531 1642 564 Musei
1679 537 1957 567 monumentorum

332 591 581 632 manuscriptum
593 597 600 620 ε

458 647 489 686 1)
512 643 741 688 Anaglyphum
763 643 922 676 exhibens
948 644 1097 688 figuram,
1120 654 1200 688 quae
1223 655 1319 676 manu
1343 645 1477 677 dextera
1498 655 1591 676 uvam
1616 650 1722 683 tenet,
1755 643 1790 675 in
1813 642 1957 683 exedris,

330 708 429 745 super
451 712 546 744 quam
569 700 681 733 lunula
703 707 735 732 et
757 700 872 732 flores:
906 708 1066 744 repertum
1089 699 1141 732 vel
1163 700 1203 732 ad
1226 699 1361 742 Bedjam
1384 700 1435 732 vel
1459 701 1499 732 ad
1522 700 1663 732 Keffam.

459 760 494 798 2)
524 757 665 801 Cippus,
697 767 796 800 prope
826 755 987 790 Tunetem
1016 758 1069 800 (ἓ)
1101 763 1267 800 repertus,
1307 758 1340 788 in
1372 758 1463 789 euius
1495 758 1662 800 superiore
1685 761 1773 798 parte
1796 760 1959 798 comparet

329 812 456 854 lunula,
487 813 547 846 sub
571 825 634 856 qua
657 815 688 845 in
713 811 831 845 cellula
850 812 956 857 figura
979 815 1059 854 viri,
1090 824 1188 846 mauu
1210 813 1341 846 sinistra
1363 811 1528 846 codicillos
1547 824 1575 846 s,
1600 811 1742 845 tabulam
1758 811 1958 854 scriptoriam

330 877 452 905 teneas.
495 869 585 902 Infra
606 869 667 901 hae
690 868 835 902 litterae:

923 919 1164 953 LlCISil'PVS
1188 919 1288 952 Plvs

908 976 1085 1020 (v)1x1·r
1112 975 1216 1008 ANIS
1238 975 1308 1008 xv

1027 1055 1129 1065 ......
1152 1032 1180 1064 E

459 1091 494 1132 3)
525 1089 775 1133 Anaglyphum,
792 1090 846 1121 εἰη
874 1090 964 1121 cuius
992 1089 1159 1131 superiore
1191 1094 1281 1131 parte
1306 1087 1546 1131 conspiciuntur
1567 1094 1631 1119 tres
1653 1085 1778 1131 figurae
1798 1087 1957 1119 humanae
2020 1106 2026 1111 -

332 1146 480 1178 manibus
510 1146 645 1178 sublatis
675 1145 798 1190 palmas
826 1153 982 1178 tenentes.
1025 1145 1093 1177 Sub
1123 1145 1164 1177 iis
1191 1146 1224 1176 in
1247 1142 1365 1176 cellula
1386 1151 1482 1187 caput
1503 1143 1694 1176 humanum:
1726 1144 1861 1176 inferior
1882 1153 1958 1191 pars

332 1201 443 1235 fracta.
488 1197 554 1234 Ubi
578 1210 741 1245 repertum
765 1204 826 1241 sit,
860 1212 923 1234 non
946 1208 1081 1234 constat.

459 1260 495 1300 4)
526 1257 663 1301 Cippus,
698 1259 731 1290 in
762 1269 826 1301 quo
856 1268 994 1301 superne
1019 1255 1161 1289 corollae
1183 1256 1368 1300 longiores,
1397 1255 1457 1288 sub
1480 1255 1598 1299 quibus
1621 1256 1703 1287 duae
1725 1254 1868 1299 figurae,
1897 1247 1959 1288 vi'ri

334 1322 367 1346 et
389 1313 545 1353 feminae,
581 1315 614 1345 in
639 1324 771 1357 quarum
795 1313 901 1346 medio
924 1325 981 1346 ara
1002 1324 1138 1345 accensa
1161 1320 1192 1345 et
1213 1312 1340 1345 litterae
1363 1311 1406 1344 D.
1422 1311 1469 1344 Μ.
1486 1311 1521 1344 S.
1565 1310 1701 1355 Reliqua
1722 1311 1823 1344 fracta
1845 1318 1930 1344 suut.

461 1370 495 1412 5)
523 1368 642 1412 Cippus
673 1371 797 1410 minor,
834 1370 993 1402 exhibens
1023 1370 1126 1401 virum
1155 1375 1311 1409 stantem,
1346 1379 1443 1400 mauu
1472 1366 1588 1400 dextra
1610 1368 1651 1400 nd
1673 1367 1798 1400 coelum
1819 1367 1957 1408 sublata,

331 1433 477 1470 repertus
498 1426 610 1458 Susae.
1942 1456 1943 1459 ,

460 1483 493 1524 6)
518 1482 639 1525 Cippus
661 1483 800 1516 rudioris
824 1484 930 1525 operis
953 1481 1148 1526 Carthagine
1169 1489 1315 1525 repertus
1339 1480 1390 1513 his
1411 1479 1529 1513 litteris
1547 1481 1733 1524 inscriptus:
1766 1478 1956 1513 SABINVS
1998 1491 2006 1505 ¹

333 1537 493 1570 SVGAN.
506 1537 668 1578 MATRI,
696 1539 755 1571 sub
775 1539 890 1582 quibus
912 1539 1016 1584 figura
1038 1538 1181 1571 mulieris
1198 1540 1281 1584 inter
1295 1539 1374 1570 duas
1390 1537 1554 1570 columnas
1565 1559 1574 1576 ,
1599 1548 1679 1581 quae
1693 1537 1807 1570 dextra
1823 1543 1956 1568 extensa

333 1605 463 1627 urceum
485 1595 667 1633 inversum,
704 1596 834 1627 sinistra
862 1595 992 1627 corbem
1014 1602 1112 1626 tenet.

459 1650 494 1692 7)
517 1650 744 1694 Fragmentum
767 1653 850 1694 cippi
871 1653 967 1683 sertis
985 1658 1018 1683 et
1039 1649 1254 1694 papaveribus
1277 1651 1398 1689 ornati,
1428 1649 1624 1692 Carthagine
1646 1650 1775 1692 reperti.

461 1709 495 1748 8)
519 1704 637 1749 Cippus
659 1706 819 1740 exhibens
838 1706 974 1751 figuram
996 1706 1140 1739 mulieris
1161 1708 1195 1738 in
1218 1705 1352 1747 cellula,
1383 1706 1443 1739 sub
1467 1717 1530 1750 qua
1551 1705 1631 1738 haec
1654 1705 1770 1738 verba:

1028 1761 1258 1795 SALITTHV

970 1818 1174 1852 LlLLEClS
1201 1815 1320 1851 FILIA

941 1875 1022 1908 PIA.
1043 1876 1138 1909 le.
1162 1874 1234 1909 AN.
1258 1874 1346 1907 XXI

1062 1932 1106 1964 H.
1130 1932 1167 1964 E.
1189 1932 1223 1964 S.

334 1986 490 2029 Repertus
510 1987 562 2019 vel
583 1986 705 2030 Bedjae
728 1987 779 2019 vel
802 1986 927 2020 Keffae.
969 1988 1092 2021 lbidem
1115 1995 1241 2031 reperta
1263 1986 1446 2030 anaglypha
1467 1989 1598 2020 9-11.

461 2046 496 2085 9)
526 2043 751 2087 Anaglyphum
783 2055 922 2087 superne
954 2045 1107 2084 fractum,
1144 2045 1179 2075 in
1207 2045 1298 2075 cuius
1331 2045 1497 2086 superiore
1518 2050 1607 2086 parte
1625 2036 1800 2085 *supersunt
1820 2041 1956 2084 vestigia

332 2099 455 2142 figurae
488 2100 654 2132 muliebris
681 2101 838 2133 sedentis:
877 2100 938 2133 sub
966 2112 1005 2132 ea
1033 2107 1098 2133 tres
1125 2110 1246 2142 parvae
1276 2099 1400 2143 figurae
1432 2099 1605 2132 muliebres
1628 2099 1752 2138 nudae,
1787 2097 1953 2137 Iunonem,

334 2155 515 2189 Minervam
538 2164 569 2188 et
584 2156 748 2189 Venerem
767 2164 1043 2200 repraesentantes
1066 2157 1138 2198 (i),
1161 2156 1299 2199 denique
1313 2158 1346 2188 in
1360 2155 1477 2188 cellula
1491 2158 1540 2188 vir
1556 2155 1705 2188 volumen
1718 2166 1815 2188 mauu
1829 2161 1953 2187 tenens.

461 2212 516 2253 10)
537 2212 764 2255 Anaglyphum
786 2213 945 2246 exhibens
965 2224 1103 2256 superne
1118 2212 1255 2256 figuram
1271 2205 1461 2245 muliebrem
1476 2220 1630 2252 stantem,
1651 2211 1711 2245 sub
1726 2209 1766 2244 ea
1780 2221 1953 2254 puerorum

334 2268 550 2313 symplegma,
585 2270 617 2300 in
641 2269 793 2301 inferiore
814 2278 903 2312 parte
925 2275 1051 2302 taurus.

462 2326 514 2368 11)
535 2324 656 2358 Mulier
671 2331 758 2357 stans
774 2328 808 2358 iu
825 2326 970 2359 conclavi
987 2333 1099 2359 ornato
1114 2327 1247 2366 statuis,
1270 2337 1403 2368 quarum
1418 2326 1500 2358 duae
1517 2324 1639 2368 palmas
1653 2323 1801 2357 manibus
1814 2330 1952 2367 gestant.

1096 2419 1188 2453 Lx1.

760 2473 1164 2519 N‘UMIDICA
1218 2484 1245 2524 ρ
1274 2483 1520 2518 UINTA.

459 2566 487 2594 1.
531 2563 695 2594 Eximium
718 2562 1041 2608 hoc-monumentum
1066 2562 1230 2605 hucusque
1252 2564 1411 2596 ineditum
1433 2564 1486 2595 diu
1503 2561 1637 2594 latuisse
1653 2561 1779 2594 videtur
1791 2563 1824 2594 in
1842 2561 1952 2595 Musei

328 2616 506 2651 Britannici
540 2618 756 2653 'subterraneis
773 2641 783 2659 ,
831 2619 888 2652 ubi
924 2619 1096 2651 etiamnum
1135 2626 1242 2651 exstat
1279 2621 1362 2652 inter
1400 2618 1480 2651 alias
1519 2616 1714 2650 Sloanianae
1749 2617 1949 2651 collectionis
