2242 2976
346 241 484 274 INSCR.
501 216 626 274 SARD.
641 241 700 273 ΕΤ
717 241 794 273 SIC.
826 241 949 273 XLIV.
963 240 1104 273 INSCR.
1119 241 1248 274 MARS.
1278 242 1387 274 XLV.
1405 242 1569 275 GEMMA
1585 243 1785 276 SARchA.
1833 251 1900 283 161

278 335 340 368 Cit.
374 338 414 367 10
443 343 544 374 extr„
576 335 822 377 Barthclemyus
852 336 970 367 dudum
1006 336 1189 367 observavit
1216 342 1248 366 et
1278 335 1327 367 vel
1354 347 1395 367 ex
1427 347 1465 367 eo
1494 345 1640 379 apparet,
1669 339 1751 380 quod
1782 350 1900 382 magna

273 393 478 434 intercapedo
509 400 557 424 est
585 394 668 424 inter
692 392 752 424 hoc
775 394 901 435 signum
925 399 957 423 et
980 391 1118 423 litteram
1145 399 1332 423 extremam.
1382 391 1495 423 Nihilo
1529 395 1634 426 minus
1664 395 1810 434 fuerunt,
1845 398 1898 439 qui

270 447 354 479 hanc
371 448 507 491 figuram
525 449 663 480 litteram
679 460 750 480 esse
768 455 954 487 censerent,
985 450 1018 479 in
1034 459 1096 490 qua
1115 449 1243 490 quidem
1262 446 1444 479 definienda
1458 456 1562 481 tamen
1578 452 1609 481 in
1626 451 1751 482 diversa
1768 451 1897 484 abeunt.

271 503 418 547 Namque
443 506 669 537 Hartmamms
691 506 768 548 (vit.
792 505 953 546 Tycbsen.
974 504 1017 543 11,
1038 508 1057 536 2
1078 516 1108 547 p.
1121 505 1203 542 560)
1227 510 1258 534 et
1281 503 1427 536 Latmius
1440 505 1462 536 l.
1481 517 1507 537 c.
1524 517 1594 538 eam
1615 517 1634 550 p
1654 518 1725 539 esse
1741 515 1895 548 statuunt,

272 560 428 603 Koppius
451 561 582 603 (Bilder
598 574 628 594 u.
644 562 804 593 Schriften
827 560 858 592 II
877 573 908 603 p.
927 561 1010 602 200)
1033 571 1073 599 n,
1097 560 1303 592 Hamakerm
1326 560 1485 599 (Miscell.
1509 574 1529 604 p
1553 565 1606 605 94)
1627 563 1702 602 Jod,
1726 575 1743 595 e
1761 576 1894 607 quorum

270 627 404 649 numero
434 630 515 650 unus
546 619 688 650 Lancius
716 618 799 649 hano
828 619 925 649 totius
953 618 1173 659 inscriptionis
1197 616 1441 659 explicationem
1469 622 1647 660 proposuit:
1695 629 1729 665 3:
1757 622 1897 656 ἐΗ-νεῦς’

270 674 384 716 pnbom
409 674 722 714 Jeqfarbaal,fila'us
744 674 934 706 llla'decltok
957 673 1056 716 (Ἴων’
1079 681 1226 721 :Q
1250 675 1430 712 terrestris,
1462 674 1611 715 humilis,
1650 677 1725 708 inde
1753 679 1894 712 byn-509*

269 733 400 766 humilis
421 746 447 766 s.
468 734 610 766 abiectus
629 733 718 773 Beli,
752 736 864 777 ''pr-15:72
890 733 1001 765 tributi
1023 732 1218 774 examort),
1247 743 1341 775 quam
1363 740 1469 765 tamen
1489 734 1638 767 retulisse
1657 736 1806 769 sufficiat.

1019 808 1168 841 XLIV„

533 869 1001 915 INSCRIPTVIO
1052 867 1627 902 MARSALENSIS.

394 938 466 970 Hoc
501 950 641 970 marmor
669 940 701 969 in
735 937 867 968 aedibus
899 937 1018 979 publici
1042 937 1247 978 magistratus
1268 947 1352 968 anno
1377 939 1458 968 1779
1480 937 1633 970 effossum
1655 946 1704 971 est
1725 942 1758 971 in
1782 940 1892 973 Insula

265 994 312 1026 St.
330 994 472 1025 Pantalei
483 1017 493 1033 ,
523 996 555 1026 in
580 1006 642 1036 qua
664 993 809 1034 Motyam
823 993 933 1024 urbem
950 994 1045 1024 sitam
1060 992 1160 1023 fuisse
1176 991 1322 1022 nonnulli
1337 994 1546 1025 contendunt:
1573 1006 1656 1026 nunc
1670 996 1842 1028 Mazzarae
1859 1000 1892 1030 in

265 1050 377 1082 Sicilia
407 1057 598 1082 asservatur.
652 1049 881 1092 Apographum
912 1060 931 1080 a
962 1048 1097 1079 Rosario
1119 1046 1247 1090 Alagna
1271 1050 1403 1080 missum
1428 1051 1547 1090 primus
1570 1052 1668 1083 edidit
1692 1051 1890 1085 CASTELLUS

266 1117 310 1137 nr:
335 1105 565 1153 ToRamszA
588 1105 608 1138 l.
627 1118 653 1138 c.
679 1117 750 1149 pag.
769 1109 829 1137 323
855 1107 901 1136 ed.
913 1109 955 1144 2,
995 1105 1077 1147 quod
1099 1105 1204 1135 minus
1227 1111 1373 1135 accurate
1395 1106 1591 1147 repetierunt
1617 1108 1651 1138 0.
1679 1108 1718 1141 G.
1748 1109 1891 1151 Tychsen

265 1164 298 1194 in
330 1162 413 1194 Nov.
443 1163 513 1195 Act.
542 1162 651 1205 Upsal.
680 1162 744 1194 VII
767 1174 795 1205 p.
818 1165 860 1194 97
889 1169 921 1193 et
948 1161 1193 1203 Lindberngus,
1232 1161 1271 1191 de
1295 1162 1391 1192 inscr.
1420 1161 1524 1194 Melit.
1557 1162 1620 1195 tab.
1645 1167 1682 1203 5,
1719 1167 1772 1207 qui
1795 1168 1890 1198 etiam

264 1218 359 1250 aliam
382 1219 500 1261 lapidis
524 1219 771 1251 delineationem
794 1231 813 1250 a
837 1218 1010 1250 Thorlacio
1033 1217 1186 1249 Mazarae
1209 1216 1325 1248 factam
1349 1226 1514 1250 memorat.

392 1275 498 1318 Ipsum
524 1274 657 1307 Castelli
678 1275 881 1318 exemplum,
906 1275 991 1319 quod
1014 1285 1073 1306 nos
1096 1274 1241 1305 dedimus
1264 1273 1328 1306 tab.
1346 1278 1396 1313 14,
1419 1274 1504 1306 haud
1519 1276 1615 1308 dubie
1631 1276 1805 1320 legendum
1825 1288 1889 1312 est:

657 1342 715 1377 272
747 1344 826 1393 -ῚΞΡ
1106 1330 1337 1380 Sepulcrum
1362 1332 1499 1368 Mazo-

660 1410 767 1446 -qgnfl
800 1412 824 1446 η
1103 1400 1144 1435 ri
1155 1399 1289 1446 figuli.

392 1469 486 1508 Quod
515 1470 718 1511 Tychsenius
747 1483 778 1502 n.
807 1483 853 1513 pr.
882 1471 1000 1514 sepulti
1028 1471 1108 1514 legit
1137 1480 1216 1515 ἴου,
1245 1471 1463 1514 Lindbergius
1485 1471 1507 1503 l.
1531 1483 1556 1504 c.
1580 1483 1651 1515 pag.
1676 1477 1717 1506 39
1741 1482 1826 1518 Ἴου,
1857 1478 1888 1508 id

262 1529 367 1559 minus
389 1528 546 1559 accuratis
570 1526 955 1569 exemplis-tribuendum
979 1536 1037 1560 est.

1021 1604 1130 1637 XLV.

737 1663 1001 1696 GEMMA
1063 1663 1416 1696 SARDICA.

391 1739 441 1770 Ab
466 1740 605 1771 Alberto
628 1741 715 1772 della
736 1741 908 1772 Marmora
933 1747 1093 1782 acceptam
1116 1743 1240 1783 primus
1263 1742 1363 1774 edidit
1386 1741 1542 1773 Gazam
1566 1744 1598 1773 in
1619 1742 1782 1775 fflemort'e
1800 1745 1886 1777 della

263 1795 464 1828 Accademta
493 1796 530 1826 dc
558 1799 682 1827 'Furiae
712 1796 752 1828 T.
778 1796 918 1829 XXXV
952 1796 1001 1828 Cl.
1032 1808 1112 1829 mor.
1141 1804 1172 1829 et
1203 1797 1280 1840 phil.
1314 1810 1344 1840 p.
1375 1801 1412 1837 3,
1451 1809 1522 1829 cum
1555 1798 1644 1830 brevi
1674 1798 1886 1841 explicatione

263 1852 374 1883 Amo.
397 1852 583 1891 paramus,
620 1854 673 1895 qui
698 1860 783 1885 recte
808 1854 904 1893 vidit,
938 1861 1087 1896 quattuor
1110 1854 1231 1886 litteras
1253 1854 1407 1897 legendas
1431 1865 1502 1886 esse

1014 1921 1124 1955 &5:25

262 1983 294 2013 id
316 1992 392 2013 vero
414 1980 611 2023 appellative
629 1983 848 2023 accipiendum
871 1983 1052 2021 existimat,
1090 1984 1158 2014 sive
1181 1984 1300 2015 cultum
1329 1985 1398 2015 sive
1421 1981 1576 2015 cullorem
1598 1983 1738 2017 denotet.
1782 1984 1885 2018 Nobis

263 2049 326 2069 non
358 2038 491 2070 dubium
522 2044 588 2077 est,
628 2040 703 2081 quin
733 2050 764 2070 n.
788 2051 837 2081 pr.
867 2040 908 2070 sit
934 2039 1094 2078 hominis,
1140 2042 1192 2082 qui
1222 2039 1285 2071 hoc
1313 2039 1421 2083 sigillo
1454 2042 1501 2072 uti
1536 2039 1681 2079 solebat,
1719 2040 1891 2085 legendum

262 2094 341 2126 illud
365 2095 491 2136 quidem
516 2104 603 2143 &3:333
625 2096 664 2136 (i.
690 2106 718 2126 e.
743 2096 848 2127 cultor
871 2107 914 2128 sc.
936 2095 1018 2137 Dei)
1044 2108 1072 2127 v.
1095 2095 1157 2127 Cit.
1184 2099 1234 2128 23.
1259 2100 1310 2127 24.

604 2276 608 2279 ,
746 2240 1411 2278 CAPUT-QUINTUM.

315 2309 988 2346 INSCRIPTIONES
1052 2308 1835 2348 CARTHAGINENSES.

390 2394 426 2426 In
468 2396 586 2426 veteris
624 2393 830 2436 Carthaginis
869 2393 1064 2432 ruderibus,
1109 2404 1190 2436 quae
1232 2405 1333 2436 nuper
1372 2394 1500 2426 demum
1538 2395 1656 2425 eximia
1691 2394 1796 2427 Falbii
1838 2396 1886 2434 (v.

263 2462 336 2493 pag.
358 2452 398 2492 8)
429 2458 521 2494 atque
552 2451 687 2482 Duravii
716 2450 879 2493 (Dum-:Au
907 2461 951 2480 na
983 2461 1024 2481 LA
1056 2450 1182 2481 Mum
1212 2450 1418 2482 Recherclles
1448 2462 1504 2483 sur
1534 2452 1567 2482 la
1596 2451 1814 2494 topographie
1844 2451 1884 2482 de

268 2507 446 2550 Carthage.
495 2508 681 2550 Avectdes
720 2512 812 2539 notes
850 2507 889 2538 de
925 2507 976 2538 M.
1010 2506 1174 2550 Dusgate.
1212 2507 1303 2539 Paris
1339 2510 1430 2539 1835.
1470 2508 1519 2548 8.)
1566 2518 1665 2549 opera
1700 2506 1885 2548 diligentius

265 2563 423 2605 descripta
444 2570 475 2595 et
497 2565 588 2595 docte
610 2563 769 2596 illustrata
791 2570 884 2602 sunt,
916 2570 988 2595 ante
1011 2575 1129 2595 annum
1155 2567 1237 2596 1817
1261 2562 1383 2595 nullum
1406 2565 1523 2595 veteris
1546 2565 1721 2605 scripturae
1745 2562 1889 2605 linguae·

266 2629 328 2660 que
356 2628 593 2652 mouumentum
628 2623 808 2659 inventum,
853 2619 975 2652 nullum
1005 2628 1089 2653 certe
1126 2622 1157 2652 in
1190 2620 1293 2652 lucem
1333 2619 1489 2661 publicam
1527 2621 1644 2651 editum
1683 2625 1748 2657 est,
1788 2630 1886 2661 quan-

1486 2682 1521 2709 21
