2242 2976
519 234 568 268 ⁷1).
611 234 790 269 NOMINA
812 234 1002 269 PROPRIA
1025 235 1195 269 URBIUM
1215 234 1274 268 ΕΤ
1296 233 1526 271 LocoRUM.

267 330 373 371 (αξη
397 332 418 361 i.
436 341 464 361 e.
481 332 585 361 civitas
596 354 604 369 ,
629 342 662 361 v.
679 329 788 371 Belo).
823 331 905 361 Male
916 331 997 361 Luc.

263 374 444 404 Holstenius
459 375 611 414 corrigere
632 374 755 403 volebat
770 374 868 403 Hilta.

223 414 391 456 Βώκαρος,
414 417 448 446 fl.
471 417 579 457 Cypri,
602 416 739 456 Hesych.
757 428 798 444 =
813 423 923 454 59572,
954 416 995 446 cf.

265 460 302 489 ad
314 459 477 499 Bagrades.

223 501 328 532 Bacca
338 525 347 540 ,
365 511 437 541 opp.
449 501 556 532 Carth.
573 512 670 542 prope
684 502 806 531 Uzitam
820 502 904 532 Hirt.
920 500 932 542 (
941 510 997 544 'pa

265 544 334 574 urbs
359 545 401 574 cf.
426 555 494 585 pag.
517 548 575 575 321
593 551 623 575 et
637 545 673 574 ad
689 545 791 574 Plaut.
813 555 856 574 sc.
873 548 904 582 2,
924 544 996 585 42).

266 588 414 617 Eiusdem·
439 588 564 628 originis
596 588 718 618 videtur
745 586 882 617 Buconia
891 609 900 624 ‚
931 588 995 617 sed.

265 631 360 668 episc.
380 630 557 660 Numidiae.

224 671 358 713 Buffada
390 673 454 702 sed.
484 673 576 713 episc.
599 671 726 702 Numid.
738 693 748 709 ‚
781 673 862 702 unde
889 674 995 712 gentil.

264 715 448 758 Bqs'etensis.
471 716 584 745 Nonne
597 720 699 745 ortum
712 725 752 744 ex
766 719 848 758 ηὲἢλτ
864 718 995 756 signum,

258 758 459 788 miraculum?

222 809 334 847 Bulla,
359 811 564 850 complurium
583 810 765 850 oppidorum
780 810 997 840 Africanorum

262 863 375 882 nomen
387 875 394 889 ,
418 858 453 882 ut
466 853 556 883 Bulla
572 853 677 892 Regia,
702 853 897 890 Bullaminm,
915 853 996 886 2557:

264 896 285 925 i.
310 906 339 925 e.
362 895 449 927 ,7¹:51
471 896 599 933 civitas,
636 900 672 925 ut
698 896 779 934 apud
797 896 996 935 Palmyrenos

263 937 318 970 bu
339 947 396 977 pro
410 938 490 975 ⁷:52,
519 938 589 968 vide
613 949 645 978 p.
664 941 725 968 325
751 943 781 967 et
797 939 824 976 §.
844 941 894 975 19,
913 942 944 975 2,
963 949 993 978 g.

261 981 355 1018 Quod
369 981 501 1010 Hamak.
522 990 636 1010 nomen
651 980 761 1009 eius-in
777 981 879 1009 numis
895 981 997 1019 legere

262 1023 320 1052 sibi
333 1023 512 1058 videbatur,
539 1032 629 1061 supra
644 1020 730 1061 (325)
753 1022 920 1051 refutatum
937 1027 994 1052 est.

221 1073 364 1104 Bullaria
378 1085 449 1114 opp.
465 1074 592 1104 Numid.
605 1097 614 1112 ‚
639 1084 715 1103 num
728 1074 808 1105 forte
831 1082 892 1107 ’Ἶκ
909 1073 995 1108 uba:

264 1118 370 1147 civitas
386 1116 477 1146 leonis
487 1116 504 1147 Ρ

221 1169 345 1199 ΒιινιιεῘι
372 1170 436 1199 sed.
468 1170 560 1209 episc.
584 1169 710 1198 Maurit.
737 1169 825 1199 Caes.
839 1191 847 1206 ‚
891 1168 995 1198 Barca

262 1212 343 1242 Ptol.
362 1218 392 1242 et
406 1218 472 1242 not.
489 1213 575 1251 Astu,
591 1211 672 1240 unde
688 1212 874 1250 „episcopus
890 1212 995 1241 Buru-

263 1255 444 1294 giatensis.“
468 1255 526 1284 Est
542 1261 623 1295 qma·
639 1253 815 1292 benedictus,
833 1254 883 1284 vel
899 1265 991 1284 aram.

263 1319 365 1361 ,Ἱππ-Ἴ,
392 1321 493 1360 κζ’-ἕπει
522 1324 619 1353 genu,
647 1302 765 1353 ,13509
785 1315 912 1344 donum.

222 1364 334 1406 Byrsa,
357 1376 413 1395 arx
428 1364 631 1404 Carthaginis,
656 1371 749 1410 25⁸]ng
764 1366 898 1402 munitio,
923 1375 995 1401 arx,

262 1408 366 1437 littera
384 1409 524 1438 sibilante
540 1406 734 1447 transposita.

221 1459 399 1502 Byzacium,
443 1460 599 1490 Bizacium
609 1482 619 1497 ,
662 1459 849 1495 Βυσσακῖτις
882 1460 992 1498 Polyb.

262 1504 421 1543 provincia
434 1504 568 1533 Africae.
613 1502 785 1532 Bochartus
804 1503 907 1532 scribit
923 1511 993 1535 ρετ-13

263 1556 412 1583 mamma,
437 1547 531 1582 uber,
562 1545 654 1574 Ham.
679 1553 740 1587 *pm
763 1552 816 1582 ³2,
839 1547 902 1585 ‘ego
914 1546 993 1575 malo

263 1596 324 1631 Ῥω
340 1595 396 1621 ni:
414 1587 475 1630 Byt
492 1587 570 1625 salci,
596 1588 676 1627 regio
691 1589 819 1627 irrigua.

226 1640 390 1677 cubamus,
423 1639 583 1671 Cabarsusi
602 1642 736 1678 —sussi,
758 1640 845 1669 locus
858 1641 992 1680 Byzacii,

261 1684 371 1713 nobilis
405 1689 531 1722 propter
566 1683 731 1712 concilium
766 1684 995 1713 Donatistarum

264 1725 316 1766 (p.
332 1724 430 1764 416).
476 1726 533 1755 Est
555 1732 613 1757 070
637 1732 703 1758 we:
730 1726 780 1755 vel
808 1730 900 1756 woffo
926 1733 992 1758 we:

220 1800 222 1802 ,
262 1770 345 1799 vicus
361 1779 511 1809 equorum.
556 1769 607 1797 De
622 1769 705 1797 varia
721 1773 751 1798 et
767 1768 879 1797 eximia
893 1769 995 1797 nomin-

261 1812 310 1841 nis
331 1811 504 1850 corruptela
530 1811 601 1839 vide
627 1816 693 1840 not.
719 1811 787 1839 crit.
810 1811 841 1839 in
859 1811 992 1850 August.

264 1854 349 1894 Opp.
365 1854 424 1883 IV.
441 1864 472 1892 p.
492 1856 553 1883 207
567 1853 684 1882 Bened.
711 1854 844 1882 Primam
860 1854 994 1883 nominis

260 1902 377 1936 partem
403 1896 495 1933 habes
521 1896 610 1925 etiam
641 1896 673 1925 in
708 1894 894 1938 Cebaradef'a
927 1897 990 1926 sed.

263 1939 356 1979 episc.
376 1939 452 1978 Byz.

224 1990 376 2029 Gaccabe,
413 2001 526 2020 nomen
555 1990 764 2030 Carthaginis,
802 1988 884 2030 duod
907 1998 995 2032 caput

223 2047 251 2075 ,ᾗ
360 2033 529 2073 significare
562 2033 686 2063 tradunt
720 2033 825 2072 Steph.
856 2034 932 2073 Byz.
964 2039 994 2063 et

227 2078 230 2081 ’
290 2076 458 2113 muthius,
496 2076 578 2105 unde
604 2082 673 2105 nata
697 2081 742 2105 est
763 2075 883 2112 fabula,
922 2077 992 2115 equi

262 2124 353 2158 caput
375 2130 391 2148 e
412 2124 492 2148 terra
513 2123 633 2148 erutum
657 2129 739 2155 esse,
770 2129 865 2157 quum
881 2118 993 2147 funda-

262 2167 363 2191 menta
389 2162 474 2192 urbis
503 2162 675 2191 iacerentur
705 2160 812 2200 (Virg.
839 2162 868 2197 1,
894 2159 988 2200 443).

260 2205 346 2233 Bene
369 2205 542 2233 observavit
563 2204 732 2233 Bochartus
758 2202 770 2243 (
802 2226 809 2232 .
825 2202 928 2243 471),
959 2203 990 2233 id

261 2247 385 2276 ductum
405 2258 469 2276 esse
483 2257 522 2275 ex
535 2247 660 2276 talmud.
681 2254 770 2289 {lp-'P
787 2253 884 2286 caput,
909 2246 991 2285 quod

261 2290 378 2329 egregie
408 2289 606 2321 confirmatur
636 2290 712 2318 alius
741 2289 844 2328 oppidi
866 2289 990 2318 nomine

265 2329 414 2362 Carcabia
425 2355 432 2368 ,
460 2330 629 2361 carchabia
641 2354 649 2369 ‚
676 2332 817 2370 quodque
833 2332 873 2360 ita
891 2332 991 2370 expli-

260 2374 387 2403 candum
398 2375 530 2404 videtur.
548 2375 703 2403 Nimirum
714 2374 863 2413 Carthago
874 2372 989 2403 Carcab

261 2424 350 2458 ηΡἾρ
370 2417 391 2445 i.
408 2427 436 2446 e.
454 2425 541 2458 caput
557 2418 704 2456 appellata
727 2422 771 2446 est
784 2421 890 2456 utpote
904 2417 990 2456 regni

262 2464 370 2498 caput:
403 2469 497 2497 quum
519 2465 619 2489 autem
640 2460 715 2488 illud
736 2469 848 2488 nomen
867 2459 989 2498 paullu-

261 2502 324 2530 lum
343 2502 376 2530 in
391 2501 618 2531 desuetudinem
640 2503 760 2531 abiisset
774 2508 804 2531 et
818 2507 936 2531 tantum
951 2502 988 2531 de

260 2545 330 2583 eqni
351 2545 448 2583 capite
467 2545 729 2583 frequentaretur,
762 2545 812 2574 illa
837 2545 872 2573 de
895 2544 988 2574 huius

261 2586 468 2626 appellationis
482 2587 598 2627 origine
617 2588 717 2618 fabula
741 2587 899 2627 (mythum
921 2593 988 2627 ety-

1767 243 1838 279 42¹

1110 330 1294 372 mologicum
1310 332 1413 374 dicas)
1438 335 1589 374 exogitata
1604 340 1659 372 est,
1685 341 1720 365 ut
1735 337 1843 367 similis

1111 386 1151 404 ex
1172 374 1288 416 Byrsae
1306 377 1432 406 nomine
1448 377 1577 407 conficta
1599 383 1657 407 eit.

1071 416 1298 457 Galumacuma,
1337 428 1408 459 opp.
1438 421 1510 459 Byz.
1542 421 1628 450 ⁴Ptol.
1649 422 1688 458 4,
1711 424 1742 459 3,
1772 423 1841 464 eqd.

1110 461 1207 490 Palat.
1242 461 1282 490 al.
1398 461 1527 493 macula.
1579 464 1685 493 Altera
1704 474 1774 504 pars
1799 470 1844 496 est

1110 508 1192 546 mlv:
1210 504 1314 540 locus,
1346 506 1430 544 prior
1454 515 1517 535 esse
1541 507 1638 545 possit
1660 507 1739 540 mh}
1758 507 1842 537 clau-

1108 557 1188 576 sura.
1208 565 1210 567 -
1234 546 1286 576 Cf.
1303 547 1456 577 Macuma.
1730 541 1737 552 ⁸

1069 587 1177 629 Calpe,
1218 600 1278 618 uua
1303 591 1511 620 columnarum
1533 591 1697 629 Herculis,
1730 603 1842 622 secun-

1108 632 1181 661 dum
1208 632 1341 662 Graecos
1362 631 1462 672 κάλπη
1484 634 1505 662 i.
1531 644 1558 663 e.
1591 630 1682 674 ὗδρία
1702 635 1838 675 Hesych.

1108 674 1194 703 Idem
1215 675 1297 704 valet
1309 675 1435 705 talmud.
1455 674 1532 714 &05³3
1552 699 1559 713 ‚
1583 677 1682 707 Boch.
1700 681 1773 708 615.

1069 715 1185 758 Capsa,
1225 718 1297 746 urbs
1324 718 1433 748 nobilis
1457 709 1598 755 Ali-icae,
1631 721 1712 750 arab.
1737 725 1838 765 Kaous,

1108 779 1183 808 pun.
1200 775 1292 810 rmnp
1309 767 1484 807 claustrum,
1516 781 1533 799 a
1549 776 1618 811 γῠρ
1634 771 1750 801 clausit.

1069 809 1200 852 Garage,
1224 822 1296 851 opp.
1312 811 1423 851 Byzac.
1440 813 1546 842 medit.
1563 821 1652 858 &3¹22
1669 825 1750 851 αντε,
1776 825 1792 844 c
1807 815 1839 843 in

1106 866 1129 894 g
1151 854 1297 884 emollito.
1645 855 1650 861 '

1069 895 1208 934 Caralis,
1234 907 1306 936 opp.
1327 898 1480 927 Sardiniae
1501 897 1698 939 (Cagliari).
1712 898 1773 931 '252
1794 907 1838 940 *p

1108 938 1177 968 urbs
1201 938 1326 976 Baulis,
1359 948 1406 982 *up
1429 951 1486 980 pro
1509 950 1597 983 nwp,
1629 947 1663 971 ut
1691 943 1722 971 iu
1748 941 1837 984 5937:

1107 992 1163 1020 pro
1188 981 1312 1022 n'wpbn.
1789 980 1792 986 '

1069 1023 1200 1053 Cararus
1214 1047 1221 1060 ,
1255 1025 1340 1054 locus
1352 1025 1464 1065 Byzac.
1481 1026 1609 1056 fortasse
1624 1038 1640 1056 a
1659 1034 1728 1069 ἾἾΡ
1750 1027 1839 1067 frigi—

1107 1066 1180 1094 dum
1203 1076 1277 1095 esse.
1669 1092 1674 1097 .
1826 1076 1828 1078 ’
1851 1065 1856 1071 ’

1068 1106 1248 1145 Car-chalda,
1268 1107 1426 1147 Carcabia,
1449 1110 1512 1140 sed.
1530 1111 1622 1150 episc.
1639 1113 1750 1151 Byzac.
1766 1113 1837 1142 vide

1108 1151 1254 1180 Caccabe.
1619 1153 1621 1157 '
1663 1158 1669 1161 ”

1067 1191 1214 1233 Carepula
1236 1203 1307 1232 opp.
1330 1194 1458 1222 Numid.
1483 1195 1565 1224 Ptol.
1590 1196 1621 1233 4,
1646 1199 1676 1226 2.
1713 1196 1773 1228 bas
1792 1206 1837 1236 'ap

1106 1236 1179 1265 urbs
1194 1235 1317 1264 Baalis'?
1346 1236 1387 1264 cf.
1407 1236 1533 1266 Caralis.
1659 1249 1662 1253 ⁴

1063 1275 1241 1318 Καρχηδών
1262 1288 1293 1307 v.
1321 1276 1482 1318 Carthago.

1067 1319 1213 1351 Carcoma
1223 1342 1232 1356 ,
1257 1330 1328 1360 opp.
1346 1321 1471 1350 Maurit.
1495 1321 1576 1351 Ptol.
1617 1323 1751 1363 Cogitari
1765 1334 1837 1363 pos-

1106 1364 1145 1392 sit
1174 1364 1261 1404 n'zffz-
1293 1362 1458 1403 (crocus),
1496 1365 1548 1394 sed
1574 1365 1654 1394 malo
1683 1370 1767 1407 m‘vp
1791 1376 1835 1408 -φ

1106 1406 1178 1435 urbs
1197 1403 1379 1442 altitudinis,
1412 1407 1444 1435 in
1458 1407 1517 1436 alto
1541 1407 1607 1437 sita.
1717 1400 1729 1411 ἲ
1825 1403 1837 1407 “

1022 1453 1029 1458 “
1067 1448 1214 1489 Carpasia
1232 1449 1326 1491 Cypri
1340 1459 1356 1477 a
1372 1449 1567 1488 Pygmalione
1579 1450 1711 1487 condita,
1728 1451 1834 1491 steph.

1104 1492 1202 1530 Byz„
1227 1492 1278 1520 vel
1295 1502 1312 1520 a
1328 1498 1417 1524 095:
1434 1492 1589 1530 carbasus,
1613 1493 1761 1530 linteum,
1785 1494 1837 1523 vel

1108 1542 1139 1566 m
1157 1542 1201 1575 ηρ
1224 1534 1297 1562 urbs
1320 1535 1396 1563 auri.

1066 1575 1171 1616 Carpi,
1199 1575 1322 1615 Καρπίς
1351 1587 1422 1616 opp.
1450 1577 1570 1617 Zeugit.
1592 1583 1636 1609 ΗΒ
1658 1585 1702 1616 mv
1728 1578 1834 1608 civitas

1105 1629 1175 1648 orae
1201 1630 1226 1650 s.
1251 1620 1339 1656 ostii,
1365 1620 1406 1648 cf.
1428 1620 1561 1659 Ruspae.
1600 1631 1601 1635 ¹

1066 1669 1202 1710 Carteja,
1237 1671 1307 1700 urbs
1340 1672 1470 1712 Hispan.
1515 1672 1587 1702 Liv.
1617 1672 1693 1702 Mel.
1719 1673 1833 1711 strab„

1105 1714 1182 1743 bene
1207 1713 1386 1743 observante
1413 1714 1567 1744 Bocharto
1599 1713 1648 1754 (p.
1673 1713 1755 1755 599)
1778 1726 1834 1756 pro

1105 1757 1283 1796 Melcarieja
1305 1754 1501 1798 (τμη-117573)
1520 1758 1541 1786 i.
1560 1768 1587 1787 e.
1606 1758 1771 1794 Herculea,
1791 1759 1831 1787 cf.

1106 1800 1134 1838 ᾗ.
1162 1802 1200 1828 18
1223 1809 1254 1828 v.
1281 1789 1436 1829 Carthalo.

1066 1849 1223 1888 Cartenna,
1245 1849 1406 1881 Cartennae
1420 1862 1491 1891 opp.
1501 1852 1626 1882 Maurit.
1642 1852 1723 1882 uude
1739 1853 1831 1892 episc.

1107 1894 1317 1924 Cartenitanus
1344 1896 1474 1934 August.
1499 1895 1583 1934 Opp.
1608 1895 1673 1932 IX,
1697 1906 1728 1935 p.
1759 1896 1831 1926 425.

1105 1937 1197 1965 Ham.
1220 1937 1351 1976 explicat
1367 1945 1413 1979 ΓΒ·
1426 1946 1514 1978 nup,
1537 1937 1640 1966 malim
1657 1945 1750 1980 J'Q'Tl?
1766 1939 1787 1967 i.
1803 1948 1832 1977 q.

1106 1986 1226 2022 ῦῖῃζῆρ,
1262 1978 1319 2009 duo
1358 1979 1486 2020 oppida,
1525 1980 1608 2019 quod
1643 1979 1833 2011 contrahitur

1106 2023 1138 2051 in
1150 2021 1232 2068 ’(τῇἧὲ
1254 2023 1319 2051 Jos.
1338 2025 1390 2059 21,
1413 2026 1465 2053 32.

1066 2073 1217 2106 Car-thoda
1232 2079 1308 2103 teste
1322 2075 1427 2105 solino
1444 2077 1485 2105 27
1499 2074 1652 2113 antiquior
1664 2075 1762 2105 forma
1776 2086 1832 2114 pro

1107 2116 1258 2156 Carthago
1269 2140 1276 2153 ,
1308 2128 1398 2155 quam
1417 2118 1496 2146 idem
1514 2127 1584 2146 cum
1599 2117 1751 2157 Stephano
1768 2118 1832 2157 By-

1104 2161 1225 2189 zantino
1250 2165 1280 2188 et
1299 2160 1460 2189 Eustathio
1483 2159 1600 2200 (Boch.
1622 2160 1702 2199 167)
1726 2171 1830 2189 novam

1104 2204 1250 2232 civilatem
1266 2203 1446 2241 significasse
1460 2203 1560 2232 trudit.
1588 2203 1678 2239 Quod
1688 2203 1713 2230 si
1723 2212 1831 2231 verum

1103 2251 1148 2274 est
1178 2244 1295 2285 (neque
1317 2245 1396 2274 hanc
1416 2245 1625 2274 auctoritatem
1654 2245 1829 2284 impugnare

1102 2286 1228 2327 lubet),
1265 2288 1407 2327 primaria
1429 2288 1528 2317 forma
1552 2292 1616 2316 erat
1635 2294 1731 2319 ΠΨἹΠ
1758 2294 1827 2328 nup

1104 2329 1154 2370 (v.
1180 2341 1266 2360 num.
1289 2331 1431 2360 Panorm.
1455 2341 1521 2369 pag.
1537 2327 1617 2368 291)
1646 2330 1667 2358 i.
1686 2340 1712 2358 e.
1738 2337 1750 2358 t
1771 2340 1828 2359 ex-

1101 2372 1363 2410 tremo'abiecto,
1399 2378 1434 2402 ut
1462 2381 1567 2411 saepe,
1615 2370 1826 2410 carm-adas,

1101 2416 1183 2445 uude
1212 2413 1385 2450 Cardumhj
1415 2415 1502 2454 plane
1524 2418 1559 2442 ut
1579 2414 1770 2443 Macumades
1785 2429 1829 2442 Ξ

1102 2466 1173 2491 ww}
1189 2464 1270 2500 mlv:
1284 2470 1291 2487 z
1310 2459 1389 2487 unde
1405 2462 1434 2485 et
1442 2453 1617 2495 Καρχηὸών
1630 2462 1660 2486 et
1677 2455 1828 2496 Carthago

1102 2502 1134 2531 iu
1145 2502 1290 2541 Hispania
1305 2500 1436 2529 maxime
1459 2503 1490 2527 et
1506 2499 1607 2528 Sicilia
1631 2499 1827 2538 depravatum

1101 2555 1166 2574 esse
1192 2544 1360 2582 suspicatur
1385 2541 1484 2570 Boch.
1509 2542 1531 2570 1.
1557 2551 1584 2570 c.
1611 2541 1682 2570 coll.
1704 2539 1828 2580 ὄρνιθες

1100 2587 1187 2626 sicul.
1210 2585 1343 2626 ὅρνιχες,
1374 2583 1463 2613 dama
1475 2583 1554 2623 hisp-
1571 2595 1679 2623 gama,
1710 2583 1826 2624 delphin
