2242 2976
717 802 1026 845 LIBER
1090 801 1538 845 TERTIUS

352 905 516 955 -DE
605 902 988 955 NUMIS
1071 899 1897 955 PHOENICIIS..

815 1137 1064 1173 CAPUT
1115 1138 1438 1172 PRIMUM.

604 1217 777 1255 NUMI
828 1216 1235 1255 PHOENICES
1286 1217 1643 1255 PBOPRIAE.

314 1304 510 1355 Phoenices
532 1325 677 1366 propriae
700 1325 808 1363 numi,
838 1324 913 1355 licet
936 1325 969 1356 in
992 1325 1062 1366 ipsa
1084 1323 1179 1356 huius
1201 1323 1331 1367 linguae
1347 1331 1379 1356 et
1395 1323 1593 1356 litteraturae
1610 1325 1711 1366 patria
1727 1324 1806 1362 cusi,
1830 1330 1935 1355 tamen

314 1391 417 1423 neque
442 1375 670 1422 antiquissimis
696 1391 798 1423 neque
821 1381 1102 1422 praestantissimis
1126 1380 1221 1412 huius
1243 1382 1371 1422 generis
1387 1382 1587 1412 numismatis
1603 1380 1835 1411 annumerandi
1851 1386 1935 1411 sunt.

314 1436 454 1468 Tantum
468 1438 553 1468 enim
569 1436 670 1476 abest,
685 1444 719 1468 ut
736 1436 786 1468 vel
800 1438 912 1468 unicus
929 1444 1071 1468 veterum
1086 1435 1322 1479 liberarumque
1330 1436 1521 1468 phoeniciae
1534 1438 1695 1468 civitatum
1711 1447 1826 1467 numus
1842 1435 1935 1467 nobis

312 1494 468 1535 supersit,
503 1499 538 1524 ut
569 1494 672 1525 omnis
701 1494 771 1524 eius
798 1494 926 1535 generis
955 1494 1090 1534 pecunia
1119 1499 1280 1535 superstes
1316 1493 1356 1524 ad
1387 1492 1626 1525 Seleucidarum
1657 1500 1688 1524 et
1718 1491 1935 1523 Romanorum

311 1555 455 1590 tempora
483 1559 616 1591 eamque
643 1555 798 1589 aetatem,
835 1560 916 1591 quae
945 1549 1028 1580 inter
1049 1548 1244 1580 Antiochum
1266 1549 1314 1580 IV
1337 1556 1368 1580 et
1389 1549 1570 1581 Antoninon
1592 1547 1932 1591 interest,'pertineat.

311 1604 460 1648 Plerique
492 1606 588 1636 etiam
626 1607 738 1644 aenei,
777 1616 841 1637 non
879 1607 1017 1647 optimae
1049 1605 1190 1637 fabricae
1227 1611 1259 1636 et
1293 1605 1377 1637 male
1408 1606 1589 1637 conservati
1618 1615 1689 1637 esse
1724 1604 1830 1636 solent
1870 1603 1932 1649 (ef.

311 1663 340 1701 §-
362 1664 443 1700 56),
486 1663 531 1693 ita
559 1669 594 1692 ut
622 1669 688 1693 tum
719 1663 908 1704 antiquitate
937 1668 1004 1693 tum
1033 1663 1110 1693 artis
1139 1663 1333 1704 praestantia
1363 1669 1394 1693 et
1422 1661 1658 1704 pulchritudine
1688 1663 1792 1692 numis
1814 1659 1934 1692 Ciliciis

312 1717 494 1760 Siculisque
521 1717 618 1760 longe
646 1718 816 1749 inferiores
848 1719 921 1749 sint.
974 1717 1118 1755 Quorum
1150 1720 1241 1761 origo
1264 1725 1351 1750 certa
1373 1726 1439 1758 est,
1476 1719 1511 1750 hi
1533 1719 1572 1750 ad
1594 1717 1736 1759 Tyrum,
1769 1717 1933 1756 Sidonem,

312 1773 563 1811 Ptolemaidem,
587 1774 781 1805 Laodiceam
800 1781 830 1805 et
846 1773 1028 1805 Marathum
1045 1775 1220 1816 pertinent:
1243 1775 1457 1814 Antiocheni,
1479 1775 1679 1812 Aradenses,
1702 1773 1824 1815 Berytii
1840 1772 1933 1804 valde

311 1831 425 1862 incerti
452 1836 526 1861 sunt
558 1830 649 1870 (vide
682 1840 734 1860 no.
756 1829 842 1870 V1):
883 1840 1024 1872 quosque
1053 1830 1156 1862 Areae
1188 1829 1366 1863 Caesareae
1396 1831 1471 1862 olim
1496 1831 1596 1862 tribui
1619 1841 1690 1862 cum
1712 1830 1860 1872 Koppio,
1898 1828 1934 1860 hi

311 1885 446 1918 Ciliciae
475 1896 539 1917 non
574 1885 767 1916 Phoeniciae
796 1887 901 1917 numis
931 1885 1014 1918 hau'd
1045 1886 1141 1918 dubie
1170 1888 1361 1919 accensendi
1392 1895 1467 1919 sunt
1503 1888 1578 1927 (no.
1602 1886 1717 1927 VIII).
1781 1885 1932 1917 Ceterum

310 1942 407 1985 longe
429 1941 572 1984 plerique
596 1941 754 1984 bilingues
778 1949 852 1973 sunt
874 1942 1056 1974 Phoeniciis
1077 1949 1108 1973 et
1124 1942 1256 1974 Graecis
1274 1942 1387 1975 litteris
1404 1945 1566 1986 inscripti:
1592 1943 1775 1975 Phoeniciis
1788 1943 1821 1973 in
1839 1951 1931 1973 usum

311 2000 428 2031 civium
458 1999 700 2040 indigenarum,
734 2000 874 2030 maxime
905 1998 1023 2041 plebis,
1061 2000 1144 2041 apud
1175 2009 1268 2041 quam
1299 2001 1418 2041 patriae
1448 1997 1578 2043 linguae
1601 2006 1633 2031 et
1656 2001 1835 2041 scripturae
1855 2007 1931 2030 usus

310 2056 451 2087 nondum
483 2055 515 2086 in
545 2054 802 2086 desuetudinem'
821 2054 960 2087 abierat:
999 2055 1133 2087 Graecis
1168 2057 1201 2087 in
1231 2066 1323 2087 usum
1356 2058 1541 2088 commercii
1571 2067 1642 2088 cum
1674 2057 1823 2087 universo
1854 2053 1931 2086 orbe

311 2110 465 2143 Romano.

949 2168 973 2199 Ι.
1037 2168 1066 2200 T
1091 2168 1124 2200 Y
1141 2168 1173 2200 R
1203 2168 1234 2200 U
1254 2167 1290 2200 S.

438 2235 679 2278 Antiquissimi,
703 2236 754 2278 qui
773 2242 961 2278 supersunt,
986 2238 1073 2267 numi
1097 2234 1188 2277 Tyrii
1212 2235 1396 2268 Phoeniciis
1414 2234 1529 2268 litteris
1543 2236 1684 2278 inscripti
1701 2235 1930 2278 imperantibus

309 2291 438 2334 regibus
469 2290 646 2323 Seleucidis
674 2291 835 2323 Antiocho
861 2291 921 2330 IV,
952 2291 1118 2323 Demetrio
1141 2292 1175 2331 1,
1214 2292 1381 2324 Demetrio
1400 2292 1447 2332 II,
1483 2292 1644 2324 Antiocho
1668 2291 1733 2323 Vll
1766 2293 1833 2322 cusi
1855 2298 1929 2322 sunt

310 2348 392 2379 iutra
413 2359 514 2379 annos
537 2349 780 2389 computationis
802 2347 1043 2379 Seleucidarum
1067 2350 1141 2391 (qui
1163 2350 1238 2380 anni
1262 2350 1294 2380 in
1318 2347 1368 2380 his
1393 2351 1498 2381 numis
1520 2349 1634 2381 litteris
1655 2350 1778 2391 graecis
1795 2348 1928 2379 indicari

309 2402 432 2445 solent)
462 2407 641 2436 144—179
670 2406 691 2434 i.
711 2415 740 2435 e.
766 2407 946 2436 169—134
969 2415 996 2436 a.
1020 2404 1094 2436 Chr.
1119 2417 1147 2436 n.
1180 2416 1207 2436 v.
1232 2405 1400 2437 Froehlich
1429 2405 1572 2437 Annales
1596 2405 1707 2446 Syriae
1731 2404 1794 2435 tab.
1818 2407 1837 2435 7
1860 2414 1926 2445 sqq.

309 2458 433 2492 Eckhel
454 2461 553 2492 doctr.
574 2471 660 2491 num.
683 2459 740 2498 111,
765 2471 794 2502 p.
814 2463 884 2492 379.
920 2460 1068 2492 Mionnet
1090 2460 1130 2492 T.
1149 2461 1181 2493 V
1198 2473 1229 2504 p.
1244 2465 1296 2493 41.
1309 2465 1363 2494 45,
1406 2461 1468 2494 His
1481 2461 1635 2493 accedunt
1649 2462 1735 2492 numi
1754 2459 1926 2500 Tyriorum

310 2518 491 2555 autonomi,
525 2528 659 2559 quorum
682 2515 825 2559 plerique
845 2527 947 2548 annos
968 2518 1139 2559 inscriptos
1160 2517 1279 2550 habeat
1305 2519 1345 2550 ab
1367 2524 1540 2549 auctumno
1562 2519 1637 2549 anni
1662 2517 1704 2548 V.
1722 2516 1759 2548 C.
1775 2519 1836 2548 628
1858 2517 1880 2548 i.
1897 2526 1926 2548 e.

313 2573 374 2601 126
395 2582 424 2603 a.
449 2571 546 2611 chr„
583 2584 646 2616 quo
675 2572 861 2613 αὐτονομίαν
893 2574 999 2616 adepti
1021 2581 1095 2605 sunt
1116 2573 1207 2615 Tyrii
1238 2576 1288 2614 (v.
1320 2574 1388 2606 Jos.
1414 2574 1510 2606 Arch.
1533 2573 1613 2612 XV,
1635 2579 1655 2605 4
1683 2575 1710 2611 §.
1736 2577 1764 2604 1.
1810 2572 1926 2605 Strabo

312 2625 407 2664 XVI,
429 2630 450 2658 2
477 2631 506 2665 ς.
528 2630 587 2670 23)
615 2630 843 2672 computandos
871 2631 924 2670 (v.
954 2629 1077 2663 Norisii
1107 2641 1211 2663 annus
1239 2638 1271 2662 et
1295 2630 1420 2673 epocha
1451 2630 1776 2671 Syro-Macedonum
1801 2639 1829 2671 p.
1853 2632 1926 2662 323.
