2242 2976
483 256 821 294 INSCRIP'I'IONES
845 260 1084 294 CITIENSES.
1130 261 1193 296 lx.
1217 260 1434 294 CITIENSIS
1456 260 1674 295 SECUNDA.
1820 266 1892 300 127

263 364 347 398 quae
378 355 411 386 in
437 354 540 387 fundo
570 355 708 398 simplex
735 355 822 388 linea
843 362 911 395 est,
946 357 981 388 in
1005 354 1174 398 superficie
1195 353 1332 398 figuram
1355 356 1480 389 duabus
1501 355 1596 389 lineis
1619 358 1890 399 circumscriptam

262 411 382 444 referat
404 411 468 450 (cf.
491 422 522 443 v.
545 423 569 444 c.
593 411 698 455 Aleph
721 411 881 451 initiales
901 411 990 454 Caph
1017 411 1074 444 lin.
1098 414 1119 443 3
1137 411 1193 444 fin.
1204 412 1226 452 ).
1272 411 1366 450 Quod
1389 420 1424 445 ut
1446 413 1546 445 semel
1567 413 1730 446 luculento
1752 414 1889 456 quodam

262 467 413 510 exemplo
442 469 667 508 ostendamus,
703 469 865 512 duplicem·
884 469 1030 501 dedimus
1053 467 1319 507 delineationem,
1356 481 1453 502 unam
1475 482 1556 513 quae
1579 469 1695 513 scalpri
1719 470 1833 501 ductus
1854 470 1887 501 in

260 525 327 555 imo
349 524 450 556 fundo
465 526 645 557 imitaretur
665 524 748 569 (litt.
767 525 842 567 A),
865 523 998 556 alteram
1015 535 1095 567 quae
1111 526 1236 556 litteras
1253 526 1298 557 ita
1313 526 1468 566 referret,
1492 529 1573 560 utin
1591 526 1759 570 superficie
1772 526 1889 569 lapidis

265 588 462 623 comparent.

390 645 425 687 b)
446 645 483 678 In
506 646 655 678 omnibus
677 645 887 689 apographis,
916 651 948 677 et
968 647 1109 677 maxime
1132 646 1261 688 quidem
1281 647 1315 678 in
1334 646 1553 687 Pocockiano‚
1583 648 1645 679 hoc
1663 647 1756 680 titulo
1778 653 1888 679 nostro

260 701 496 745 singulare-est
517 709 549 734 et
570 701 750 745 proprium,
782 702 865 746 quod
887 702 1013 734 litterae
1034 703 1190 734 rotundae
1213 697 1310 742 Ain,
1325 703 1429 743 Beth,
1452 703 1597 743 Daleth,
1619 705 1727 736 Resclt
1748 714 1888 747 superne

261 759 404 800 apicatae
432 766 525 797 sunt,
566 760 651 801 quod
678 758 833 802 peculiari
864 759 988 790 cuidam
1018 757 1246 802 calligraphico
1277 759 1414 792 artificio
1442 761 1625 792 tribuerunt
1655 760 1888 803 Palaeographi

260 825 382 847 omnes.
434 815 499 847 Sed
532 825 568 847 re
598 818 777 847 accuratius
807 815 1009 847 considerata
1036 816 1113 847 artis
1144 816 1295 857 penuriae
1317 818 1443 858 potius,
1485 827 1578 860 quam
1599 818 1720 848 nimiae
1745 819 1805 848 arti
1828 817 1889 849 hoc

260 871 466 904 tribuendum
489 873 624 904 videtur.
669 872 851 904 Statuarius
875 873 980 911 enim,
1010 873 1062 903 cui
1083 870 1187 914 figura
1208 873 1242 903 in
1256 872 1367 904 orbem
1383 872 1600 916 exsculpenda
1615 873 1749 906 multum
1767 874 1887 915 negotii

258 926 354 966 fecit,
391 932 633 971 eam-superne·
658 927 710 960 'vel
737 931 960 971 semiapertam
982 928 1130 970 reliquit,
1169 927 1239 966 vel,
1279 939 1372 971 quam
1395 931 1529 972 primam
1552 938 1693 972 apertam
1716 929 1888 972 reliquerat

257 987 329 1033 (υ
349 987 360 1027 )
383 986 508 1029 scalpro
537 987 642 1019 denuo
671 988 800 1019 admoto
823 986 938 1019 clausit
957 987 971 1030 (
986 983 1038 1026 Ο
1059 985 1091 1029 ),
1111 987 1195 1019 unde
1209 986 1285 1019 illae
1300 990 1391 1030 quasi
1406 988 1513 1031 apices
1531 997 1619 1022 ortae
1635 997 1718 1022 sunt.
1744 989 1781 1021 F.
1798 989 1887 1029 Reay

257 1047 290 1077 in
314 1045 431 1078 litteris
453 1046 492 1077 ad
515 1057 566 1077 me
590 1047 689 1078 datis:
710 1033 741 1086 ⁸„
751 1047 796 1078 In
817 1055 854 1085 a,
880 1055 919 1085 a,
943 1057 981 1085 π,
1006 1057 1027 1081 a
1059 1046 1147 1078 what
1175 1056 1239 1088 you
1261 1048 1328 1079 call
1348 1050 1459 1090 apices
1481 1060 1540 1081 are
1563 1050 1729 1090 evidently
1748 1048 1889 1090 nothing

260 1112 348 1134 more
371 1101 452 1133 than
474 1103 664 1135 accidental
683 1103 722 1145 by
745 1103 800 1135 tlte
823 1107 964 1148 cutting.
1008 1101 1078 1136 For
1102 1103 1157 1135 the
1179 1114 1266 1135 same
1289 1114 1407 1136 reason
1430 1105 1506 1146 they
1528 1116 1587 1137 are
1605 1107 1720 1146 mostly
1734 1105 1887 1147 angular,

249 1157 342 1197 from
364 1158 420 1190 tlte
442 1158 611 1200 difficulty
634 1159 672 1198 of
699 1159 754 1191 tlte
777 1163 924 1202 cutting,
963 1160 1030 1191 and
1056 1163 1236 1192 sometimes
1267 1170 1349 1203 open
1383 1156 1424 1192 on
1446 1160 1501 1193 the
1524 1166 1590 1204 top.
1629 1161 1704 1193 lele
1726 1161 1846 1193 second
1867 1169 1886 1193 a

249 1213 314 1253 for
342 1218 492 1247 instance
520 1215 597 1247 does
633 1220 690 1248 not
722 1217 807 1248 close
837 1221 875 1248 at
902 1215 957 1248 the
986 1221 1061 1258 top:
1098 1216 1154 1248 but
1183 1220 1213 1249 it
1242 1220 1272 1248 τέ
1299 1218 1419 1259 merely
1442 1218 1532 1257 from
1560 1217 1615 1250 tlte
1646 1217 1817 1258 dffficully
1850 1217 1892 1256 ⁰f

259 1274 442 1313 manag-ing
463 1270 518 1303 tlte
540 1271 648 1304 tool.“
1012 1276 1014 1279 ’

387 1337 419 1376 c)
452 1335 566 1367 Eidem
596 1347 712 1369 causae
745 1344 777 1368 et
799 1338 904 1369 minus
927 1337 1079 1369 dexterae
1102 1337 1234 1370 artificis
1256 1340 1367 1371 manui
1389 1338 1451 1371 hoc
1474 1339 1678 1371 tribuendum
1702 1345 1770 1377 est,
1802 1338 1885 1380 quod

258 1390 383 1423 litterae
418 1390 512 1430 illae,
548 1403 628 1435 quae
664 1393 820 1425 rotundae
850 1405 921 1425 esse
956 1394 1133 1432 debebant,
1169 1393 1357 1437 plerumque
1395 1395 1565 1438 angulatae
1596 1403 1670 1427 sunt
1706 1402 1738 1426 et
1766 1395 1884 1437 passim

257 1447 354 1478 etiam
382 1447 468 1478 infra
497 1456 529 1480 et
560 1460 580 1480 a
608 1447 710 1481 latere
741 1449 900 1482 auriculas
922 1462 948 1482 s.
969 1450 1121 1483 caudulas
1145 1450 1264 1482 habent
1286 1462 1305 1482 a
1327 1451 1451 1494 scalpro
1474 1453 1579 1484 minus
1603 1451 1735 1484 dextere
1757 1451 1885 1482 admoto

257 1509 360 1542 ortas,
398 1514 476 1546 quas
509 1515 567 1536 nos
595 1506 628 1536 in
658 1505 806 1548 exemplo
837 1505 864 1537 B
894 1508 1005 1549 paucis
1036 1506 1305 1550 significavimus,
1341 1509 1374 1539 in
1399 1510 1502 1540 maius
1522 1508 1590 1540 fere
1612 1510 1702 1540 auxit
1725 1507 1882 1540 Swinton.

255 1557 342 1591 Vide
362 1569 382 1592 5
405 1561 438 1591 in
463 1567 656 1595 nnnwwnn&
678 1560 736 1594 lin.
755 1565 793 1601 3,
817 1562 899 1605 quod
914 1564 998 1605 apud
1013 1561 1211 1595 Swintonem
1228 1562 1347 1595 Daleth
1364 1564 1467 1596 videri
1482 1566 1604 1607 possit,
1626 1572 1657 1596 et
1670 1565 1714 1596 ita
1732 1563 1884 1607 pleraque

256 1625 292 1653 ιη
324 1625 344 1649 a
367 1617 401 1648 in
425 1627 472 1652 *un
496 1625 531 1661 ’ρ
553 1617 610 1650 lin.
635 1621 665 1657 1,
690 1617 731 1649 al.

384 1682 415 1724 d)
446 1682 497 1714 De
526 1682 663 1726 singulis
692 1682 882 1726 quibusdam
903 1682 1021 1715 litteris
1044 1690 1211 1726 praeterea
1233 1684 1470 1717 observandum
1493 1692 1556 1717 est:
1587 1686 1697 1728 Aleplo
1725 1685 1782 1717 lin.
1809 1688 1824 1716 1
1850 1686 1882 1716 in

257 1745 327 1772 50&
349 1749 486 1780 superne
510 1751 573 1771 non
597 1749 783 1771 recurvum:
815 1740 871 1771 sed
894 1740 1005 1771 eadem
1030 1739 1137 1772 littera
1159 1742 1191 1772 in
1214 1749 1273 1775 :m
1298 1741 1354 1772 lin.
1381 1745 1395 1772 1
1422 1743 1640 1773 sinistrorsum
1665 1742 1766 1780 flexa,
1788 1740 1844 1773 lin.
1863 1744 1882 1772 2

255 1795 289 1826 in
320 1795 384 1828 ab:
418 1796 630 1827 dextrorsum.
685 1795 767 1827 Chet
795 1794 851 1826 lin.
882 1798 896 1826 1
932 1795 1014 1827 bene
1046 1798 1164 1838 pictum
1196 1805 1264 1829 erat
1296 1799 1378 1840 apud
1403 1798 1622 1837 Swintonem,
1660 1799 1716 1829 sed
1740 1798 1883 1829 eiusdem

255 1850 378 1893 figurae
402 1859 451 1883 est
474 1863 495 1886 η
524 1852 581 1884 lin.
609 1855 629 1883 2
656 1853 689 1883 in
712 1861 796 1886 ’nm-
848 1851 966 1894 Figura
995 1852 1051 1884 illa
1081 1853 1286 1896 triangularis
1317 1865 1483 1897 supremae
1514 1861 1621 1887 costae
1651 1856 1741 1897 quasi
1764 1855 1884 1886 vicaria

258 1914 323 1945 est,
355 1914 390 1939 ut
411 1909 536 1951 integra
557 1908 660 1940 forma
685 1907 766 1940 haec
787 1909 844 1939 sit:

260 2086 351 2129 Caph
372 2086 480 2119 littera
504 2086 671 2130 aliquoties
692 2091 737 2120 ita
758 2090 842 2130 picta
865 2096 930 2128 est,
953 2097 988 2121 ut
1012 2093 1045 2123 in
1069 2089 1288 2134 exemplum,
1318 2098 1350 2123 et
1372 2092 1502 2123 nonnisi
1521 2091 1604 2123 hanc
1623 2091 1759 2135 figuram
1784 2092 1882 2122 refert

264 2145 313 2239 γ
331 2196 340 2212 ,
378 2175 494 2216 passim
518 2176 564 2205 ita
586 2180 620 2205 ut
640 2173 723 2205 hanc
758 2132 809 2242 7
832 2197 841 2213 ‚
878 2176 968 2216 prius
997 2186 1027 2208 v.
1050 2175 1106 2208 lin,
1129 2180 1158 2208 1.
1183 2179 1220 2214 3,
1254 2178 1412 2219 posterius
1434 2176 1490 2208 lin.
1513 2180 1532 2208 2
1557 2176 1617 2209 bis.
1661 2176 1736 2208 Duo
1757 2176 1884 2208 Lamed

255 2258 311 2291 lin.
335 2263 362 2291 2.
386 2262 405 2291 3
429 2266 460 2290 et
482 2260 545 2290 duo
574 2259 641 2290 Tau
664 2258 720 2291 lin.
745 2262 764 2291 3
793 2270 929 2301 superne
953 2262 1043 2292 uncis
1066 2263 1187 2293 munita
1211 2269 1302 2300 sunt,
1343 2273 1424 2304 quae
1447 2263 1559 2294 eodem
1580 2263 1675 2294 modo
1699 2268 1881 2303 comparent

255 2316 288 2347 in
312 2316 523 2357 Syracusanis
545 2315 584 2346 A.
608 2314 635 2346 B
659 2323 691 2346 et
714 2317 747 2347 in
770 2316 999 2348 Panormitano
1020 2317 1064 2356 B,
1096 2329 1114 2348 a
1138 2316 1321 2350 Chandlero
1352 2325 1384 2350 et
1412 2318 1478 2351 Sw.
1510 2326 1616 2350 autem
1646 2320 1764 2350 omissa
1794 2324 1878 2349 sunt.

254 2371 403 2415 Denique
437 2384 498 2404 non
536 2371 720 2414 negligendi
747 2379 823 2404 sunt
850 2371 1028 2404 litterarum
1057 2373 1165 2416 Aleph
1195 2381 1226 2407 et
1252 2375 1389 2408 Samech
1420 2377 1507 2417 scapi
1536 2375 1698 2407 suber-assi
1728 2381 1759 2406 et
1788 2374 1878 2416 quasi

257 2430 414 2467 ventrosi,
452 2430 562 2460 itidem
585 2430 619 2461 in
642 2430 748 2460 numis
770 2428 981 2469 Syracusanis
1005 2432 1182 2472 conspicui-1

382 2503 412 2543 e)
453 2502 490 2534 In
523 2506 656 2545 punctis
693 2503 849 2544 ponendis
886 2502 948 2535 hoc
980 2505 1151 2546 praecipue
1187 2511 1350 2547 peecatum
1387 2513 1435 2536 est
1470 2515 1489 2535 a
1520 2503 1579 2535 Ch.
1609 2511 1641 2535 et
1671 2504 1753 2541 Sw.‚
1793 2502 1877 2543 quod

257 2556 313 2588 lin.
336 2561 355 2589 2
384 2565 533 2600 punctum
566 2561 720 2591 omissum
747 2566 797 2590 est
825 2560 910 2591 inter
938 2569 1042 2593 num*
1071 2567 1102 2592 et
1130 2563 1186 2600 59,
1226 2573 1404 2605 quanquam
1433 2563 1496 2592 iam
1527 2561 1705 2592 Pocockius
1737 2559 1769 2590 id
1792 2565 1877 2590 recte

254 2621 420 2655 posuerat;
449 2625 528 2657 quae
557 2627 609 2648 res
639 2616 744 2648 fraudi
765 2616 825 2648 fuit
847 2616 1050 2656 Hamakero,
1074 2625 1108 2649 ut
1131 2618 1214 2650 infra
1236 2618 1426 2651 videbimus.
1470 2617 1507 2649 F.
1532 2616 1636 2656 Reay:
1661 2618 1729 2654 „in
1752 2625 1878 2647 answer
