2242 2976
528 253 588 286 DE
611 253 818 286 LITTERIS
841 253 1101 287 PHOENICIIS.
1145 256 1173 293 §-
1196 256 1248 286 28.
1286 254 1374 287 PHE
1397 254 1604 288 LITTERA.
1825 258 1873 295 41

254 358 352 381 numo
375 347 554 380 Sabrathae
576 347 606 380 A
629 355 678 380 est
699 349 808 387 rumh,
840 349 873 379 in
896 346 962 379 alio
984 346 1132 390 exemplo
1153 346 1214 379 litt.
1230 348 1258 379 E
1274 348 1424 381 scribitur
1438 358 1485 382 ωε
1499 350 1567 388 nb,
1589 349 1736 393 idemque
1751 351 1879 394 signum

186 408 200 419 s
252 406 389 437 recurrit
410 405 443 436 in
468 416 565 436 numo
588 404 648 436 litt.
672 404 719 443 B,
748 404 804 437 ubi
827 404 936 436 itidem
960 404 1033 436 Ain
1055 415 1126 436 esse
1148 411 1262 447 potest.
1307 404 1392 437 Vide
1414 405 1471 438 lib.
1494 405 1542 437 lv
1565 417 1618 438 no.
1635 409 1688 438 23.

426 472 580 514 „Figura
601 471 695 514 plena
718 479 750 504 et
768 472 904 504 rotunda
925 483 976 503 no.
993 475 1021 503 1.
1043 478 1170 504 servata
1193 479 1242 503 est
1264 483 1283 502 a
1306 471 1438 505 Graecis
1457 475 1489 506 in
1506 473 1631 517 vulgari
1646 478 1704 507 τοῦ
1725 476 1752 507 Ο
1767 479 1879 518 μικροῦ

337 529 480 568 „forma-
522 527 618 571 Apud
631 530 762 560 eosdem
775 535 806 560 et
824 529 977 560 Etruscos
995 528 1145 570 frequens
1164 535 1213 560 est
1227 528 1333 571 figura
1353 530 1438 561 intus
1459 538 1577 572 puncto
1600 532 1725 563 munita
1747 541 1811 572 (no.
1830 535 1878 572 3),

337 587 404 625 „in
439 586 481 616 iis
516 592 601 617 certe
639 587 874 623 monumentis,
916 584 973 616 ubi
1015 585 1119 616 Theta
1153 586 1272 627 pictum
1302 592 1351 617 est
1389 575 1445 631 ᾧ
1478 588 1526 627 (ξ.
1543 592 1594 619 44.
1617 589 1645 626 ἐ.
1660 590 1714 627 47,
1734 587 1795 619 sub
1819 589 1877 630 O).

425 641 596 685 „Figurae
619 641 882 684 quadrangularis
905 641 988 683 apud
1011 640 1172 680 Graecos,
1195 642 1348 673 Etruscos
1371 650 1403 673 et
1428 650 1550 675 veteres
1566 643 1754 684 Hebraeos,
1777 655 1879 687 neque

339 709 434 738 „non
464 697 670 740 triangularis
699 698 783 739 apud
812 699 960 736 eosdem,
997 698 1080 740 apud
1104 697 1325 743 samaritanos
1349 706 1444 741 atque
1467 698 1643 741 Aethiopes
1666 702 1767 741 prima
1788 702 1879 732 initia

336 756 471 795 „insunt
485 756 518 786 in
533 754 610 786 orbe
626 754 682 786 illo
697 755 802 786 minus
816 754 968 797 regulari,
986 765 1080 797 quem
1095 753 1251 786 exhibent
1264 756 1362 788 inser.
1376 754 1493 786 Athen.
1508 759 1538 795 1,
1558 754 1767 796 Oxoniensis‚
1784 756 1878 789 aliae.

425 810 521 850 „Ain
543 821 680 853 superne
703 818 866 853 apertum,
900 818 934 843 ut
957 822 1007 843 no.
1027 814 1067 850 7,
1096 812 1262 843 est-etiam
1285 812 1317 843 in
1341 813 1500 854 scriptura
1519 823 1669 843 aramaea
1683 815 1879 855 aegyptiaca,

336 868 461 910 „idque
485 879 504 900 a
527 869 640 900 dextra
663 874 751 910 parte
775 868 878 899 cauda
899 869 1021 899 maiore
1043 858 1201 899 munitum
1223 868 1335 909 (cuius
1358 869 1451 900 initia
1464 868 1564 900 babes
1586 870 1620 900 in
1636 868 1692 911 fig.
1709 868 1822 911 phoen.
1837 870 1878 913 9)

337 925 402 963 „in
419 923 618 966 Palmyrenis
635 923 880 956 Oxoniensibus
899 923 1138 955 acWoodianis
1156 931 1188 955 et
1202 926 1236 956 in
1250 925 1414 967 quadrata.
1457 924 1494 956 In
1511 924 1710 966 Palmyrenis
1724 925 1879 959 Romanis

336 987 476 1019 „autem
491 981 592 1020 vides,
611 981 771 1024 quomodo
787 987 857 1012 orta
872 981 915 1012 sit
930 979 1035 1022 figura
1049 981 1083 1011 in
1102 980 1337 1013 recentioribus
1354 980 1541 1013 litteraturis
1554 983 1711 1014 aramaeis
1728 984 1878 1014 usitata.“

1005 1091 1033 1129 §·
1069 1092 1120 1121 28.

852 1156 969 1190 Phe
1021 1157 1274 1190 littera.

378 1234 459 1266 Sero
481 1234 579 1266 huius
601 1234 728 1266 litterae
750 1233 855 1278 figura
870 1234 1021 1276 indagata
1037 1240 1096 1265 est.
1140 1233 1176 1265 In
1190 1233 1409 1275 Barthelemyi
1428 1241 1459 1266 et
1475 1233 1626 1266 Dutensii
1643 1234 1826 1277 alphabetis
1842 1245 1880 1266 ea

250 1289 345 1333 plane
368 1291 473 1323 deest:
503 1290 649 1332 Bayerus
672 1290 751 1321 duas
775 1291 843 1322 eius
870 1289 967 1322 habet
988 1289 1126 1332 figuras,
1155 1300 1271 1329 unam,
1301 1301 1382 1333 quae
1406 1289 1496 1333 Caph
1519 1298 1588 1330 est,
1617 1291 1767 1330 alteram,
1799 1302 1879 1334 quae

251 1357 327 1378 vere
350 1347 418 1378 Phe
440 1354 528 1386 erat,
559 1347 616 1378 sed
640 1348 673 1378 in
697 1348 803 1378 numis
831 1346 1018 1384 Gaditanis,
1057 1357 1136 1388 quos
1164 1348 1260 1378 modo
1293 1354 1485 1378 tractaverat
1515 1347 1678 1388 Bayerus,
1710 1347 1796 1379 Beth
1829 1347 1878 1389 (v.

250 1402 308 1435 lib.
318 1403 379 1442 111,
394 1415 444 1435 no.
452 1403 558 1444 XV):
573 1405 668 1435 etiam
683 1403 830 1445 Koppius
848 1408 973 1445 praeter
989 1402 1165 1445 legitimum
1182 1403 1249 1434 Phe
1265 1404 1299 1434 in
1316 1414 1414 1435 numo
1431 1403 1565 1435 Sidonio
1577 1402 1618 1436 T.
1626 1402 1711 1436 lin.3
1730 1405 1779 1445 (in
1798 1405 1878 1448 ηκ),

250 1458 387 1502 figuram
407 1459 568 1502 quandam
590 1461 623 1491 in
647 1458 854 1502 alphabetum
877 1470 970 1490 suum
993 1460 1139 1498 admisit,
1170 1470 1249 1500 quae
1273 1458 1354 1491 nihil
1374 1461 1478 1491 minus
1502 1467 1564 1498 est,
1596 1471 1688 1502 quam
1703 1460 1770 1492 Phe
1793 1460 1878 1503 (Cit.

251 1518 303 1555 10,
323 1516 385 1558 .3):
420 1523 531 1547 contra
549 1517 725 1559 genuinum
747 1522 778 1547 et
801 1522 922 1547 certum
943 1515 1011 1546 Phe
1043 1525 1085 1546 ex
1113 1514 1218 1546 Melit.
1243 1519 1280 1554 2,
1304 1518 1323 1546 3
1354 1527 1374 1547 a
1404 1516 1497 1547 nobis
1527 1516 1591 1546 iam
1621 1516 1675 1546 diu
1704 1517 1877 1549 indicatum

250 1571 346 1613 (hist.
369 1571 449 1615 ling.
472 1572 565 1604 hebr.
595 1584 625 1615 p.
650 1573 729 1614 169)
761 1578 792 1603 et
821 1571 862 1603 ab
885 1570 958 1603 aliis
982 1572 1060 1603 viris
1083 1571 1186 1603 doctis
1208 1573 1351 1614 agnitum
1376 1583 1416 1603 ne
1444 1571 1543 1603 verbo
1575 1573 1701 1614 quidem
1724 1574 1878 1605 meminit.

343 1660 345 1662 ·
377 1641 490 1682 Nune,
514 1643 572 1675 ubi
594 1644 675 1675 satis
696 1641 870 1674 multorum
893 1647 1173 1673 monumentorum
1197 1643 1287 1684 copia
1301 1642 1385 1675 facta
1402 1650 1468 1681 est,
1491 1643 1530 1674 de
1554 1641 1614 1674 hac
1631 1653 1755 1685 quoque
1772 1642 1879 1676 littera

249 1698 343 1731 nobis
364 1701 482 1732 certius
504 1707 646 1738 constat,
679 1707 773 1742 atque
796 1698 855 1730 has
877 1699 946 1730 eius
969 1697 1091 1740 figuras
1113 1700 1308 1740 reperimus:

904 1758 916 1771 1
1017 1757 1031 1771 2
1138 1757 1148 1772 3

245 1932 387 1970 primam
409 1929 440 1959 in
464 1927 567 1960 Melit.
590 1932 623 1967 2,
646 1931 666 1960 3
689 1929 743 1970 (in
769 1937 859 1969 emm,
897 1928 954 1960 ubi
981 1928 1064 1960 male
1089 1929 1171 1961 hanc
1194 1929 1320 1962 literam
1344 1929 1441 1962 Waw
1464 1940 1534 1961 esse
1556 1928 1740 1971 putarunt).
1785 1928 1876 1961 sard.

249 1983 306 2016 lin.
341 1987 378 2023 8,
416 1996 502 2016 num.
535 1984 602 2016 Sid.
632 1983 673 2016 U.
703 1984 745 2016 V.
775 1985 827 2024 X,
868 1986 1040 2017 secundam
1075 1987 1109 2017 in
1140 1988 1236 2018 inser.
1269 1985 1377 2019 Carth.
1407 1989 1437 2025 3,
1464 1991 1485 2018 4
1514 1987 1564 2028 (in
1586 1994 1651 2019 *22³0
1664 1988 1688 2026 ).
1735 1984 1833 2017 51ἰη.
1857 1990 1878 2017 4

250 2041 305 2082 (in
330 2049 403 2074 usu>
413 2041 435 2082 ).
480 2040 586 2084 Tugg.
610 2040 666 2073 lin.
689 2045 717 2073 1.
741 2044 760 2073 3
783 2042 946 2083 (munta),
976 2041 1034 2074 lin.
1052 2045 1072 2074 7
1095 2043 1148 2084 (in
1167 2044 1226 2078 ban
1237 2043 1257 2085 ).
1280 2042 1411 2075 Numid.
1433 2046 1463 2081 5,
1487 2046 1506 2074 2
1536 2043 1588 2084 (in
1610 2043 1707 2083 ωε),
1746 2045 1878 2074 tertiam

249 2098 283 2129 in
315 2108 412 2129 numo
442 2097 509 2129 Sid.
542 2097 580 2129 Τ.
611 2097 667 2129 W.

377 2167 421 2199 At
448 2170 558 2200 nativa
586 2175 617 2200 et
635 2169 795 2210 'primaria
825 2169 950 2208 forma,
990 2180 1084 2212 quam
1107 2180 1185 2202 vero
1217 2172 1249 2202 in
1280 2170 1494 2202 monumentis
1525 2168 1622 2201 hodie
1651 2168 1876 2212 superstitibus

250 2224 369 2256 frustra
390 2235 545 2267 quaeras,
576 2227 685 2258 nescio
709 2236 748 2256 an
772 2225 868 2257 fuerit
1398 2226 1405 2227 ’

250 2409 285 2435 ut
311 2404 345 2435 in
376 2406 535 2447 scriptura
564 2405 762 2438 Graecorum
789 2407 997 2450 retrograda,
1035 2409 1120 2451 apud
1151 2409 1302 2440 Etruscos
1334 2413 1365 2438 et
1389 2413 1512 2438 veteres
1534 2405 1720 2444 Hebraeos,
1751 2416 1791 2436 ex
1815 2415 1876 2446 qua

251 2459 378 2492 demum
402 2468 472 2493 orta
495 2471 542 2495 est
567 2463 671 2495 forma
693 2462 834 2506 vulgaris
857 2471 887 2496 et
909 2465 1054 2497 rotunda.

380 2528 530 2562 Ceterum
559 2531 642 2573 quod
665 2530 748 2562 Beth
771 2532 804 2562 in
827 2532 983 2574 scriptura
1005 2532 1182 2575 Hispaniea
1204 2539 1237 2564 et
1259 2531 1432 2565 Numidica
1454 2531 1587 2562 eandem
1609 2529 1744 2571 figuram
1767 2526 1875 2565 habet,

253 2588 348 2624 atque
365 2584 436 2618 Phe
459 2597 511 2619 no.
527 2590 565 2626 3,
589 2588 622 2620 id
647 2599 740 2620 nemo
762 2589 913 2627 miretur,
943 2600 1046 2632 neque
1068 2589 1130 2621 hoc
1154 2591 1198 2620 ita
1221 2588 1444 2630 explicandum
1469 2594 1532 2624 est,
1557 2587 1647 2627 quasi
1663 2583 1768 2625 aliqua
1783 2582 1878 2614 fuerit

253 2637 367 2671 harum
395 2640 560 2676 labialinm
587 2645 621 2676 iu
649 2644 762 2687 figuris
794 2646 952 2688 cognatio.
1006 2645 1091 2678 Nam
1114 2646 1210 2677 huius
1243 2644 1388 2686 figurae,
1429 2653 1510 2684 quae
1534 2652 1618 2672 nunc
1640 2640 1751 2671 eadem
1774 2646 1823 2671 est
1843 2642 1876 2671 in

1495 2702 1515 2730 6
