2242 2976
518 248 578 281 DE
599 247 808 280 LITTERIS
830 245 1083 280 PHOENICIIS
1124 247 1155 285 §-
1180 248 1230 277 18.
1266 224 1367 277 SAiN
1387 242 1597 276 LITTERA.
1826 248 1874 282 27

422 342 648 386 „Quanquam
668 343 704 375 in
727 340 910 373 Phoeniciis
931 339 1055 372 nullum
1078 346 1200 372 eertum
1227 337 1409 381 exemplum
1433 345 1482 371 est
1510 339 1578 371 Vav
1600 327 1728 370 litterae
1750 337 1874 370 duobus

331 399 504 440 „brachiis
533 401 694 438 munitae,
730 397 855 441 qualem
885 396 1018 436 Graeci,
1055 397 1202 435 Etrusci,
1239 394 1376 427 Romani
1408 395 1528 427 habent
1563 397 1656 436 (nam
1681 393 1743 427 Cit.
1765 398 1824 433 48,
1857 398 1871 426 1

331 456 469 497 „simile
491 458 617 499 signum
640 462 691 487 est
714 456 787 497 m),
816 453 1052 488 nullus-tamen
1075 452 1206 492 dubito,
1236 453 1312 495 quin
1334 453 1486 493 primaria
1507 451 1603 484 huius
1624 451 1750 483 litterae
1771 450 1876 494 figura

331 525 403 553 „ea
424 514 541 551 fuerit,
581 523 675 555 quarn
698 513 769 543 Βαῦ
797 522 824 543 a.
848 511 1008 554 digamma
1031 509 1129 542 habet
1149 509 1233 552 apud
1257 508 1398 540 Graecos
1421 510 1629 552 antiquiores.
1674 506 1747 539 Non
1771 506 1875 539 solum

328 581 401 610 „ex
427 571 497 612 ipsa
526 569 586 601 hac
617 568 814 600 Graecorum
843 566 950 610 figura
970 567 1004 598 id
1027 565 1179 609 colligas,
1210 565 1267 597 sed
1290 566 1386 596 etiam
1409 576 1452 596 ex
1473 566 1630 607 scriptura
1651 564 1875 596 Hebraeorum

333 627 543 666 „monetaria
565 632 596 657 et
615 624 888 656 Samaritanorum
907 622 1032 666 figuris.
1077 621 1224 664 Namque
1239 632 1350 653 omnes
1366 620 1428 653 hae
1444 620 1588 664 figurae,
1611 632 1693 664 quae
1711 627 1875 663 tantopere

334 683 399 723 „ab
414 681 562 725 exemplo
576 681 749 724 phoenicio
766 681 949 723 discrepare
958 680 1114 718 videntur,
1127 677 1222 710 facile
1238 677 1450 721 explicantur,
1461 679 1489 710 si
1502 677 1584 709 hanc
1598 688 1706 709 earum
1717 678 1874 720 originem

336 743 518 782 „sumimus
539 728 581 794 :¹
618 729 681 797 :r
716 725 799 796 7¹².
843 740 897 771 Ex
919 739 1034 771 iisdem
1056 739 1138 770 adeo
1158 737 1301 781 explices
1317 728 1532 780 aethiopicum
1555 736 1602 773 (D
1626 743 1729 768 ortum
1752 748 1794 768 ex
1819 734 1871 769 (Π

335 802 453 842 „infra
487 801 607 834 clauso.
671 800 709 833 In
744 800 876 843 reliquis
912 799 1060 831 omnibus
1100 799 1277 840 scripturae
1312 797 1505 841 generibus,
1546 808 1645 829 aram.
1680 796 1875 838 aegyptiaco,

332 858 570 901 ‚‚Palmyreno‚
599 847 864 896 Saissanidmum,
894 857 1065 899 quadrato,
1096 861 1210 898 regnat
1234 854 1411 897 simplicior
1437 853 1496 886 illa
1517 853 1640 896 figura,
1678 864 1758 896 quae
1781 853 1876 884 etiam

331 916 388 955 „in
410 915 592 958 Phoeniciis
610 914 830 947 monumentis
851 919 1022 956 comparet.
1033 914 1057 932 “

1003 1006 1032 1043 ς.
1063 1006 1112 1035 18.

832 1072 982 1105 Saia
1041 1071 1297 1103 littera.

376 1153 482 1186 Etiam
499 1152 581 1184 haec
602 1151 709 1184 littera
725 1161 858 1194 perrara
874 1156 933 1188 est,
957 1150 1000 1180 ita
1015 1153 1050 1179 ut
1064 1158 1105 1178 ex
1120 1148 1304 1179 coniectura
1319 1147 1387 1179 fere
1402 1153 1434 1180 et
1449 1158 1490 1179 ex
1508 1148 1603 1179 unico
1621 1154 1707 1179 certo
1728 1145 1877 1190 exemplo

248 1209 376 1254 (Melit.
399 1214 430 1249 2,
445 1209 486 1253 2)
508 1211 542 1241 in
567 1208 745 1253 alphabetis
768 1213 953 1250 compareat
973 1206 1018 1236 ita
1042 1205 1139 1247 picta:
1165 1204 1197 1246 Ι.

377 1268 494 1311 Spuria
516 1269 602 1299 enim
625 1274 658 1298 et
678 1278 720 1299 ex
742 1266 825 1298 falso
847 1267 943 1297 111801.
968 1262 1085 1295 Α111011.
1111 1265 1140 1293 1.
1169 1261 1352 1306 apographo
1374 1264 1473 1306 petita
1493 1269 1543 1295 est
1563 1261 1645 1294 haec
1666 1260 1770 1294 forma
1809 1262 1877 1319 τ.)

250 1338 345 1371 qnam
367 1328 400 1359 in
423 1338 482 1359 sua
503 1325 679 1357 litterarum
702 1324 811 1356 tabula
833 1324 920 1355 dedit
941 1321 1107 1363 Koppius,
1140 1327 1172 1352 et
1192 1321 1286 1352 multi
1307 1322 1382 1353 inde
1405 1322 1618 1364 repetierunt,
1647 1321 1680 1352 in
1703 1319 1754 1351 his
1779 1330 1878 1361 nuper

249 1383 387 1426 Lepsius
410 1384 450 1415 de
468 1382 585 1415 tabulis
601 1381 781 1424 Eugubinis
803 1392 833 1423 p.
848 1382 900 1412 69.
944 1377 1005 1409 Illa
1026 1383 1133 1408 antem
1156 1378 1288 1409 minime
1303 1379 1405 1421 prima
1428 1385 1459 1409 et
1481 1379 1590 1409 nativa
1611 1383 1677 1416 est,
1700 1376 1756 1408 sed
1780 1375 1877 1407 haec:

1030 1456 1095 1507 Z

250 1574 332 1607 quae
352 1555 516 1606 >comparet
537 1563 570 1594 in
593 1571 689 1593 numo
713 1558 1016 1602 cilico-phoenicio
1037 1556 1098 1589 litt.
1123 1555 1162 1588 G.
1186 1556 1239 1598 (in
1264 1567 1312 1588 vc.
1336 1564 1413 1591 *sm
1437 1556 1526 1588 sidus
1550 1567 1671 1595 meum,
1694 1555 1767 1587 coll.
1792 1559 1875 1599 Τητκ)

248 1621 284 1653 111
305 1619 345 1652 Α.
367 1619 433 1662 Β),
470 1625 502 1651 01
522 1620 555 1650 111
579 1619 676 1651 inser.
697 1616 813 1649 Athen.
837 1618 856 1647 3
888 1616 941 1657 (111
963 1625 1012 1646 vc.
1034 1621 1121 1649 *nna
1145 1612 1356 1655 Βυζάντιον),
1391 1620 1485 1656 atque
1514 1612 1608 1655 plane
1632 1613 1778 1656 congruit
1807 1623 1877 1645 cum

252 1678 476 1721 antiquissima
497 1675 601 1719 figura
624 1673 703 1706 Zeta
724 1673 851 1705 litterae
874 1672 960 1715 apud
983 1671 1144 1710 Graecos,
1172 1670 1326 1703 Etruscos
1350 1677 1382 1702 et
1402 1669 1559 1702 Umbros:

927 1757 1156 1810 ΖΚ

251 1855 305 1889 Ex
333 1855 390 1888 illa
420 1855 515 1899 paulo
543 1854 758 1898 negligentius
782 1856 868 1898 picta
896 1865 974 1886 mox
1002 1854 1121 1886 factum
1144 1860 1192 1885 est

1047 1929 1079 1995 l.

1058 2091 1068 2132 Ι
1538 2121 1543 2144 t

253 2162 367 2206 (Ciliffi
381 2164 422 2195 A·
441 2162 479 2196 B·
495 2162 522 2195 C
538 2165 570 2195 in
589 2174 671 2204 mn,
689 2170 745 2207 Ἱτ,
762 2171 899 2198 *am-1:³⁹.
936 2162 1042 2206 Tugg.
1061 2162 1117 2194 lin.
1133 2165 1151 2194 5
1167 2164 1199 2194 in
1220 2170 1300 2200 πυτ,
1325 2160 1427 2192 Melit.
1444 2164 1474 2199 2,
1492 2164 1511 2192 2
1526 2161 1558 2191 in
1575 2161 1668 2201 ’,Ἧι-1).
1708 2158 1877 2190 Caeterum

251 2227 385 2253 caveant
401 2220 462 2253 sibi
480 2221 594 2253 horum
609 2228 889 2253 monumentorum
903 2219 1059 2259 lectores,
1084 2230 1123 2251 ne
1141 2218 1266 2250 Zainim
1283 2228 1353 2249 esse
1368 2224 1479 2260 putent
1493 2218 1587 2259 signa
1600 2215 1763 2248 nonnullis
1780 2213 1879 2246 titulis

253 2275 450 2310 Citiensibus
479 2278 643 2310 ab'initio
674 2284 706 2309 et
733 2278 766 2308 in
797 2276 862 2308 fine
894 2287 1045 2308 versuum
1074 2276 1198 2314 addita,
1230 2276 1269 2306 de
1293 2274 1408 2317 quibus
1432 2281 1461 2305 v.
1484 2275 1511 2312 ξ.
1538 2276 1597 2311 38,
1625 2276 1653 2305 5.
1698 2272 1877 2304 Phoenices

254 2340 360 2366 autem
383 2336 502 2377 passim
526 2343 545 2368 ο
569 2333 727 2373 scribere,
750 2333 806 2365 ubi
827 2333 972 2365 Hebraei
996 2332 1092 2376 vulgo
1117 2343 1150 2372 τ,
1174 2332 1258 2364 infra
1281 2332 1446 2363 docuimus
1469 2330 1509 2361 ad
1532 2329 1651 2364 Athen.
1676 2332 1704 2360 1.

250 2034 364 2078 (Cilic.
388 2033 416 2066 B
443 2035 489 2066 in·
504 2042 562 2070 τῆη
580 2034 682 2076 ⁷:³2),
715 2040 748 2066 et
769 2032 902 2077 vulgare

425 2393 526 2433 „lam
547 2396 581 2426 in
602 2395 672 2436 ipsa
695 2393 895 2437 paragrapho
918 2394 1078 2432 diximus,
1110 2393 1246 2435 primam
1269 2398 1301 2423 et
1322 2391 1461 2422 nativam
1485 2389 1581 2422 huius
1598 2388 1724 2420 litterae
1742 2387 1875 2419 formam

336 2471 358 2489 „
367 2451 399 2481 111
415 2450 597 2483 Phoeniciis
612 2461 717 2482 raram
734 2451 817 2492 apud
835 2449 976 2481 Graecos
1000 2450 1093 2491 (vide
1107 2449 1167 2482 sub
1184 2457 1203 2481 ο
1215 2449 1244 2490 ),
1268 2448 1440 2486 Etruscos,
1464 2445 1605 2478 Umbros
1627 2444 1875 2486 frequentiorem

337 2528 358 2544 „
366 2517 453 2539 esse:
485 2508 580 2551 idque
601 2508 779 2539 accuratius
803 2507 847 2537 ita
869 2506 1094 2549 explicandum
1115 2513 1182 2544 est,
1207 2505 1245 2536 ad
1262 2504 1345 2536 hanc
1362 2503 1503 2535 litteram
1521 2503 1678 2544 pertinere
1694 2510 1757 2530 non
1775 2496 1878 2529 solum

337 2565 399 2600 „Z
426 2563 527 2603 Zeta,
565 2564 622 2596 sed
654 2564 750 2595 etiam
783 2555 821 2613 Z
852 2570 883 2594 et
916 2551 954 2615 Z
993 2563 1097 2605 (unde
1128 2562 1151 2593 S
1180 2561 1407 2602 Latinorum),
1443 2570 1523 2601 quae
1552 2557 1676 2600 figurae
1713 2553 1808 2595 vulgo
1839 2552 1878 2584 ad

337 2617 482 2661 „Sigata
512 2621 715 2660 referuntur,
753 2621 809 2652 sed
845 2630 958 2652 revera
994 2620 1033 2652 ad
1065 2618 1148 2651 Smin
1185 2616 1398 2649 Orientalium
1437 2615 1613 2658 pertinent,
1656 2617 1690 2642 ut
1719 2609 1879 2652 copiosius

1469 2677 1491 2704 4
1514 2677 1528 2693 *
