<?xml version="1.0" encoding="UTF-8"?>
<!DOCTYPE html PUBLIC "-//W3C//DTD XHTML 1.0 Transitional//EN"
    "http://www.w3.org/TR/xhtml1/DTD/xhtml1-transitional.dtd">
<html xmlns="http://www.w3.org/1999/xhtml" xml:lang="en" lang="en">
 <head>
  <title>
</title>
<meta http-equiv="Content-Type" content="text/html;charset=utf-8" />
  <meta name='ocr-system' content='tesseract 3.04.00' />
  <meta name='ocr-capabilities' content='ocr_page ocr_carea ocr_par ocr_line ocrx_word'/>
</head>
<body>
  <div class='ocr_page' id='page_1' title='image "./scripturaelingua00geseuoft_0335.png"; bbox 0 0 2242 2976; ppageno 0'>
   <div class='ocr_carea' id='block_1_1' title="bbox 374 240 1939 284">
    <p class='ocr_par' dir='ltr' id='par_1_1' title="bbox 374 240 1939 284">
     <span class='ocr_line' id='line_1_1' title="bbox 374 240 1939 284; baseline 0.003 -10"><span class='ocrx_word' id='word_1_1' title='bbox 374 241 491 275; x_wconf 88' lang='lat' dir='ltr'>NUMI</span> <span class='ocrx_word' id='word_1_2' title='bbox 513 241 702 282; x_wconf 85' lang='lat' dir='ltr'><strong>SICILIAE</strong></span> <span class='ocrx_word' id='word_1_3' title='bbox 725 241 785 274; x_wconf 88' lang='lat' dir='ltr'><strong>ET</strong></span> <span class='ocrx_word' id='word_1_4' title='bbox 807 240 1125 275; x_wconf 83' lang='lat' dir='ltr'><strong>ADIACENTIUM</strong></span> <span class='ocrx_word' id='word_1_5' title='bbox 1147 243 1426 278; x_wconf 88' lang='lat' dir='ltr'><strong>INSULARUM.</strong></span> <span class='ocrx_word' id='word_1_6' title='bbox 1469 245 1562 277; x_wconf 88' lang='lat' dir='ltr'>X111.</span> <span class='ocrx_word' id='word_1_7' title='bbox 1586 244 1797 278; x_wconf 79' lang='lat' dir='ltr'><strong>COSSURA.</strong></span> <span class='ocrx_word' id='word_1_8' title='bbox 1864 248 1939 284; x_wconf 78' lang='lat'><strong>299</strong></span> 
     </span>
    </p>
   </div>
   <div class='ocr_carea' id='block_1_2' title="bbox 306 334 1938 1506">
    <p class='ocr_par' dir='ltr' id='par_1_2' title="bbox 306 334 1938 1506">
     <span class='ocr_line' id='line_1_2' title="bbox 307 334 1938 382; baseline 0.002 -15"><span class='ocrx_word' id='word_1_9' title='bbox 307 334 474 368; x_wconf 85' lang='lat' dir='ltr'><strong>Pellerinii</strong></span> <span class='ocrx_word' id='word_1_10' title='bbox 508 343 615 368; x_wconf 90' lang='lat' dir='ltr'><strong>autem</strong></span> <span class='ocrx_word' id='word_1_11' title='bbox 652 335 803 378; x_wconf 86' lang='lat' dir='ltr'><strong>exemplo</strong></span> <span class='ocrx_word' id='word_1_12' title='bbox 833 346 897 367; x_wconf 92' lang='grc'><strong>11011</strong></span> <span class='ocrx_word' id='word_1_13' title='bbox 929 342 1049 368; x_wconf 77' lang='lat' dir='ltr'><strong>tantam</strong></span> <span class='ocrx_word' id='word_1_14' title='bbox 1079 336 1176 369; x_wconf 88' lang='lat' dir='ltr'><strong>fidem</strong></span> <span class='ocrx_word' id='word_1_15' title='bbox 1206 338 1395 378; x_wconf 84' lang='lat' dir='ltr'><strong>habuerim,</strong></span> <span class='ocrx_word' id='word_1_16' title='bbox 1426 341 1458 371; x_wconf 93' lang='lat' dir='ltr'><strong>in</strong></span> <span class='ocrx_word' id='word_1_17' title='bbox 1477 350 1541 382; x_wconf 82' lang='lat' dir='ltr'><strong>quo</strong></span> <span class='ocrx_word' id='word_1_18' title='bbox 1572 341 1669 371; x_wconf 83' lang='lat' dir='ltr'><strong>etiam</strong></span> <span class='ocrx_word' id='word_1_19' title='bbox 1693 343 1808 382; x_wconf 74' lang='lat' dir='ltr'><strong>quinta</strong></span> <span class='ocrx_word' id='word_1_20' title='bbox 1830 339 1938 371; x_wconf 89' lang='lat' dir='ltr'><strong>littera</strong></span> 
     </span>
     <span class='ocr_line' id='line_1_3' title="bbox 308 391 1936 439; baseline 0.003 -16"><span class='ocrx_word' id='word_1_21' title='bbox 308 394 417 435; x_wconf 76' lang='lat' dir='ltr'><strong>(quae&#39;</strong></span> <span class='ocrx_word' id='word_1_22' title='bbox 442 394 475 424; x_wconf 93' lang='lat' dir='ltr'><strong>in</strong></span> <span class='ocrx_word' id='word_1_23' title='bbox 507 403 545 424; x_wconf 89' lang='lat' dir='ltr'><strong>eo</strong></span> <span class='ocrx_word' id='word_1_24' title='bbox 575 392 654 424; x_wconf 75' lang='lat' dir='ltr'><strong>Nun</strong></span> <span class='ocrx_word' id='word_1_25' title='bbox 682 395 752 433; x_wconf 88' lang='lat' dir='ltr'><strong>est)</strong></span> <span class='ocrx_word' id='word_1_26' title='bbox 788 391 871 424; x_wconf 77' lang='lat' dir='ltr'><strong>male</strong></span> <span class='ocrx_word' id='word_1_27' title='bbox 900 394 984 434; x_wconf 88' lang='lat' dir='ltr'><strong>picta</strong></span> <span class='ocrx_word' id='word_1_28' title='bbox 1014 400 1046 425; x_wconf 89' lang='lat' dir='ltr'><strong>et</strong></span> <span class='ocrx_word' id='word_1_29' title='bbox 1069 395 1123 425; x_wconf 67' lang='lat' dir='ltr'><strong>ita</strong></span> <span class='ocrx_word' id='word_1_30' title='bbox 1153 394 1330 437; x_wconf 86' lang='lat' dir='ltr'><strong>supplenda</strong></span> <span class='ocrx_word' id='word_1_31' title='bbox 1360 407 1432 427; x_wconf 88' lang='lat' dir='ltr'><strong>esse</strong></span> <span class='ocrx_word' id='word_1_32' title='bbox 1463 397 1609 428; x_wconf 85' lang='lat' dir='ltr'><strong>videatur</strong></span> <span class='ocrx_word' id='word_1_33' title='bbox 1638 395 1765 439; x_wconf 87' lang='lat' dir='ltr'><strong>(solent</strong></span> <span class='ocrx_word' id='word_1_34' title='bbox 1794 397 1879 428; x_wconf 92' lang='lat' dir='ltr'><strong>enim</strong></span> <span class='ocrx_word' id='word_1_35' title='bbox 1904 396 1936 427; x_wconf 94' lang='lat' dir='ltr'><strong>hi</strong></span> 
     </span>
     <span class='ocr_line' id='line_1_4' title="bbox 308 449 1935 494; baseline 0.003 -15"><span class='ocrx_word' id='word_1_36' title='bbox 308 450 396 480; x_wconf 90' lang='lat' dir='ltr'><strong>numi</strong></span> <span class='ocrx_word' id='word_1_37' title='bbox 418 449 526 480; x_wconf 87' lang='lat' dir='ltr'><strong>detriti</strong></span> <span class='ocrx_word' id='word_1_38' title='bbox 548 449 661 491; x_wconf 85' lang='lat' dir='ltr'><strong>esse),</strong></span> <span class='ocrx_word' id='word_1_39' title='bbox 693 456 727 481; x_wconf 90' lang='lat' dir='ltr'><strong>ut</strong></span> <span class='ocrx_word' id='word_1_40' title='bbox 748 449 838 481; x_wconf 60' lang='lat' dir='ltr'><strong>illem</strong></span> <span class='ocrx_word' id='word_1_41' title='bbox 860 450 918 487; x_wconf 86' lang='lat' dir='ltr'><strong>sit,</strong></span> <span class='ocrx_word' id='word_1_42' title='bbox 949 450 1033 491; x_wconf 87' lang='lat' dir='ltr'><strong>quod</strong></span> <span class='ocrx_word' id='word_1_43' title='bbox 1057 452 1165 482; x_wconf 85' lang='lat' dir='ltr'><strong>onmia</strong></span> <span class='ocrx_word' id='word_1_44' title='bbox 1186 450 1310 494; x_wconf 85' lang='lat' dir='ltr'><strong>reliqua</strong></span> <span class='ocrx_word' id='word_1_45' title='bbox 1333 452 1481 494; x_wconf 86' lang='lat' dir='ltr'><strong>exempla</strong></span> <span class='ocrx_word' id='word_1_46' title='bbox 1503 452 1633 484; x_wconf 85' lang='lat' dir='ltr'><strong>habent.</strong></span> <span class='ocrx_word' id='word_1_47' title='bbox 1677 453 1849 484; x_wconf 86' lang='lat' dir='ltr'><strong>Praeterea</strong></span> <span class='ocrx_word' id='word_1_48' title='bbox 1872 464 1935 485; x_wconf 94' lang='lat' dir='ltr'><strong>non</strong></span> 
     </span>
     <span class='ocr_line' id='line_1_5' title="bbox 307 504 1936 552; baseline 0.003 -16"><span class='ocrx_word' id='word_1_49' title='bbox 307 504 535 547; x_wconf 86' lang='lat' dir='ltr'><strong>negligendum</strong></span> <span class='ocrx_word' id='word_1_50' title='bbox 565 513 630 544; x_wconf 84' lang='lat' dir='ltr'><strong>est,</strong></span> <span class='ocrx_word' id='word_1_51' title='bbox 666 505 790 537; x_wconf 79' lang='lat' dir='ltr'><strong>litteras</strong></span> <span class='ocrx_word' id='word_1_52' title='bbox 821 505 916 536; x_wconf 91' lang='lat' dir='ltr'><strong>huius</strong></span> <span class='ocrx_word' id='word_1_53' title='bbox 949 506 1141 548; x_wconf 80' lang='lat' dir='ltr'>epigraphes</span> <span class='ocrx_word' id='word_1_54' title='bbox 1171 506 1233 538; x_wconf 90' lang='lat' dir='ltr'><strong>hoc</strong></span> <span class='ocrx_word' id='word_1_55' title='bbox 1264 507 1383 539; x_wconf 86' lang='lat' dir='ltr'><strong>habere</strong></span> <span class='ocrx_word' id='word_1_56' title='bbox 1409 509 1472 540; x_wconf 91' lang='lat' dir='ltr'><strong>sibi</strong></span> <span class='ocrx_word' id='word_1_57' title='bbox 1493 510 1679 551; x_wconf 89' lang='lat' dir='ltr'><strong>proprium,</strong></span> <span class='ocrx_word' id='word_1_58' title='bbox 1721 510 1804 552; x_wconf 91' lang='lat' dir='ltr'><strong>quod</strong></span> <span class='ocrx_word' id='word_1_59' title='bbox 1828 510 1936 541; x_wconf 88' lang='lat' dir='ltr'><strong>caudis</strong></span> 
     </span>
     <span class='ocr_line' id='line_1_6' title="bbox 306 561 1934 608; baseline 0.002 -16"><span class='ocrx_word' id='word_1_60' title='bbox 306 562 475 604; x_wconf 87' lang='lat' dir='ltr'><strong>scapisque</strong></span> <span class='ocrx_word' id='word_1_61' title='bbox 497 564 639 594; x_wconf 86' lang='lat' dir='ltr'><strong>munitae</strong></span> <span class='ocrx_word' id='word_1_62' title='bbox 661 569 736 594; x_wconf 83' lang='lat' dir='ltr'><strong>sunt</strong></span> <span class='ocrx_word' id='word_1_63' title='bbox 757 561 979 604; x_wconf 85' lang='lat' dir='ltr'><strong>longioribus,</strong></span> <span class='ocrx_word' id='word_1_64' title='bbox 1003 562 1117 604; x_wconf 89' lang='lat' dir='ltr'><strong>quibus</strong></span> <span class='ocrx_word' id='word_1_65' title='bbox 1132 562 1301 605; x_wconf 83' lang='lat' dir='ltr'><strong>impleatur</strong></span> <span class='ocrx_word' id='word_1_66' title='bbox 1319 575 1395 596; x_wconf 84' lang='lat' dir='ltr'><strong>area</strong></span> <span class='ocrx_word' id='word_1_67' title='bbox 1416 575 1516 596; x_wconf 82' lang='lat' dir='ltr'><strong>vacua</strong></span> <span class='ocrx_word' id='word_1_68' title='bbox 1538 566 1631 607; x_wconf 88' lang='lat' dir='ltr'><strong>(vide</strong></span> <span class='ocrx_word' id='word_1_69' title='bbox 1646 576 1716 608; x_wconf 87' lang='lat' dir='ltr'><strong>pag.</strong></span> <span class='ocrx_word' id='word_1_70' title='bbox 1735 568 1813 606; x_wconf 86' lang='lat'><strong>18),</strong></span> <span class='ocrx_word' id='word_1_71' title='bbox 1837 572 1868 596; x_wconf 90' lang='lat' dir='ltr'><strong>et</strong></span> <span class='ocrx_word' id='word_1_72' title='bbox 1884 565 1934 597; x_wconf 90' lang='lat' dir='ltr'><strong>vel</strong></span> 
     </span>
     <span class='ocr_line' id='line_1_7' title="bbox 308 616 1936 664; baseline 0.003 -16"><span class='ocrx_word' id='word_1_73' title='bbox 308 617 391 649; x_wconf 85' lang='lat' dir='ltr'><strong>hanc</strong></span> <span class='ocrx_word' id='word_1_74' title='bbox 413 618 454 649; x_wconf 92' lang='lat' dir='ltr'><strong>ob</strong></span> <span class='ocrx_word' id='word_1_75' title='bbox 477 629 622 650; x_wconf 78' lang='lat' dir='ltr'><strong>caussam</strong></span> <span class='ocrx_word' id='word_1_76' title='bbox 644 618 730 650; x_wconf 71' lang='lat' dir='ltr'><strong>Beth</strong></span> <span class='ocrx_word' id='word_1_77' title='bbox 751 616 887 649; x_wconf 59' lang='lat' dir='ltr'><strong>litteraex</strong></span> <span class='ocrx_word' id='word_1_78' title='bbox 896 617 1028 648; x_wconf 81' lang='lat' dir='ltr'><strong>caudam</strong></span> <span class='ocrx_word' id='word_1_79' title='bbox 1045 620 1150 650; x_wconf 86' lang='lat' dir='ltr'><strong>minus</strong></span> <span class='ocrx_word' id='word_1_80' title='bbox 1166 619 1321 652; x_wconf 89' lang='lat' dir='ltr'><strong>inflexam</strong></span> <span class='ocrx_word' id='word_1_81' title='bbox 1341 632 1423 652; x_wconf 89' lang='lat' dir='ltr'><strong>esse.</strong></span> <span class='ocrx_word' id='word_1_82' title='bbox 1469 620 1658 663; x_wconf 82' lang='lat' dir='ltr'><strong>Quanquam</strong></span> <span class='ocrx_word' id='word_1_83' title='bbox 1675 623 1774 664; x_wconf 87' lang='lat' dir='ltr'><strong>igitur</strong></span> <span class='ocrx_word' id='word_1_84' title='bbox 1789 621 1936 653; x_wconf 86' lang='lat' dir='ltr'><strong>omnibus</strong></span> 
     </span>
     <span class='ocr_line' id='line_1_8' title="bbox 308 672 1937 720; baseline 0.003 -16"><span class='ocrx_word' id='word_1_85' title='bbox 308 673 465 716; x_wconf 85' lang='lat' dir='ltr'><strong>exemplis</strong></span> <span class='ocrx_word' id='word_1_86' title='bbox 496 675 688 717; x_wconf 86' lang='lat' dir='ltr'><strong>comparatis</strong></span> <span class='ocrx_word' id='word_1_87' title='bbox 718 674 757 705; x_wconf 87' lang='lat' dir='ltr'><strong>de</strong></span> <span class='ocrx_word' id='word_1_88' title='bbox 786 672 842 704; x_wconf 90' lang='lat' dir='ltr'><strong>illa</strong></span> <span class='ocrx_word' id='word_1_89' title='bbox 863 672 1003 705; x_wconf 83' lang='lat' dir='ltr'><strong>lectione</strong></span> <span class='ocrx_word' id='word_1_90' title='bbox 1026 674 1166 706; x_wconf 89' lang='lat' dir='ltr'><strong>dubitari</strong></span> <span class='ocrx_word' id='word_1_91' title='bbox 1190 687 1253 707; x_wconf 91' lang='lat' dir='ltr'><strong>non</strong></span> <span class='ocrx_word' id='word_1_92' title='bbox 1276 684 1398 719; x_wconf 87' lang='lat' dir='ltr'><strong>potest,</strong></span> <span class='ocrx_word' id='word_1_93' title='bbox 1430 684 1536 708; x_wconf 88' lang='lat' dir='ltr'><strong>tamen</strong></span> <span class='ocrx_word' id='word_1_94' title='bbox 1559 677 1793 720; x_wconf 86' lang='lat' dir='ltr'><strong>Palaeographi</strong></span> <span class='ocrx_word' id='word_1_95' title='bbox 1815 680 1847 710; x_wconf 94' lang='lat' dir='ltr'><strong>in</strong></span> <span class='ocrx_word' id='word_1_96' title='bbox 1873 678 1937 709; x_wconf 85' lang='lat' dir='ltr'><strong>alia</strong></span> 
     </span>
     <span class='ocr_line' id='line_1_9' title="bbox 307 729 1934 775; baseline 0.002 -14"><span class='ocrx_word' id='word_1_97' title='bbox 307 732 415 761; x_wconf 82' lang='lat' dir='ltr'><strong>onmia</strong></span> <span class='ocrx_word' id='word_1_98' title='bbox 430 730 588 763; x_wconf 85' lang='lat' dir='ltr'><strong>abierunt.</strong></span> <span class='ocrx_word' id='word_1_99' title='bbox 632 730 680 762; x_wconf 90' lang='lat' dir='ltr'><strong>Ac</strong></span> <span class='ocrx_word' id='word_1_100' title='bbox 697 729 944 770; x_wconf 81' lang='lat' dir='ltr'><strong>Barthelemyus</strong></span> <span class='ocrx_word' id='word_1_101' title='bbox 960 731 1088 772; x_wconf 89' lang='lat' dir='ltr'><strong>quidem</strong></span> <span class='ocrx_word' id='word_1_102' title='bbox 1104 732 1244 774; x_wconf 88' lang='lat' dir='ltr'><strong>quinque</strong></span> <span class='ocrx_word' id='word_1_103' title='bbox 1266 732 1391 765; x_wconf 80' lang='lat' dir='ltr'><strong>litteras</strong></span> <span class='ocrx_word' id='word_1_104' title='bbox 1411 733 1607 775; x_wconf 70' lang='lat' dir='ltr'><strong>(Memoires</strong></span> <span class='ocrx_word' id='word_1_105' title='bbox 1626 735 1664 765; x_wconf 91' lang='lat' dir='ltr'><strong>de</strong></span> <span class='ocrx_word' id='word_1_106' title='bbox 1681 733 1793 766; x_wconf 88' lang='lat' dir='ltr'><strong>l&#39;acad.</strong></span> <span class='ocrx_word' id='word_1_107' title='bbox 1815 734 1934 773; x_wconf 86' lang='lat' dir='ltr'><strong>XXX,</strong></span> 
     </span>
     <span class='ocr_line' id='line_1_10' title="bbox 307 786 1937 832; baseline 0.002 -15"><span class='ocrx_word' id='word_1_108' title='bbox 307 798 336 829; x_wconf 86' lang='lat' dir='ltr'><strong>p.</strong></span> <span class='ocrx_word' id='word_1_109' title='bbox 361 788 423 818; x_wconf 84' lang='lat'><strong>414</strong></span> <span class='ocrx_word' id='word_1_110' title='bbox 444 787 532 830; x_wconf 86' lang='lat' dir='ltr'><strong>sqq.)</strong></span> <span class='ocrx_word' id='word_1_111' title='bbox 554 787 634 830; x_wconf 87' lang='lat' dir='ltr'><strong>legit</strong></span> <span class='ocrx_word' id='word_1_112' title='bbox 657 795 766 829; x_wconf 46' lang='lat' dir='ltr'><strong>matu?</strong></span> <span class='ocrx_word' id='word_1_113' title='bbox 794 786 1019 825; x_wconf 69' lang='lat' dir='ltr'><strong>Cossuram&#39;m,</strong></span> <span class='ocrx_word' id='word_1_114' title='bbox 1047 786 1257 820; x_wconf 83' lang='lat' dir='ltr'><strong>Phoenicium</strong></span> <span class='ocrx_word' id='word_1_115' title='bbox 1279 789 1403 821; x_wconf 87' lang='lat' dir='ltr'><strong>insulae</strong></span> <span class='ocrx_word' id='word_1_116' title='bbox 1427 800 1544 821; x_wconf 87' lang='lat' dir='ltr'><strong>nomen</strong></span> <span class='ocrx_word' id='word_1_117' title='bbox 1569 801 1640 821; x_wconf 85' lang='lat' dir='ltr'><strong>curn</strong></span> <span class='ocrx_word' id='word_1_118' title='bbox 1662 802 1778 832; x_wconf 87' lang='lat' dir='ltr'><strong>graeco</strong></span> <span class='ocrx_word' id='word_1_119' title='bbox 1802 801 1937 821; x_wconf 91' lang='lat' dir='ltr'><strong>consen-</strong></span> 
     </span>
     <span class='ocr_line' id='line_1_11' title="bbox 307 842 1936 888; baseline 0.002 -14"><span class='ocrx_word' id='word_1_120' title='bbox 307 844 368 874; x_wconf 86' lang='lat' dir='ltr'><strong>tire</strong></span> <span class='ocrx_word' id='word_1_121' title='bbox 395 850 503 882; x_wconf 88' lang='lat' dir='ltr'><strong>ratus,</strong></span> <span class='ocrx_word' id='word_1_122' title='bbox 543 844 633 875; x_wconf 90' lang='lat' dir='ltr'><strong>cuius</strong></span> <span class='ocrx_word' id='word_1_123' title='bbox 663 854 805 875; x_wconf 90' lang='lat' dir='ltr'><strong>errorem</strong></span> <span class='ocrx_word' id='word_1_124' title='bbox 833 842 908 874; x_wconf 88' lang='lat' dir='ltr'><strong>licet</strong></span> <span class='ocrx_word' id='word_1_125' title='bbox 936 853 1031 885; x_wconf 82' lang='lat' dir='ltr'><strong>saepe</strong></span> <span class='ocrx_word' id='word_1_126' title='bbox 1061 844 1235 876; x_wconf 83' lang='lat' dir='ltr'><strong>refutatum</strong></span> <span class='ocrx_word' id='word_1_127' title='bbox 1267 846 1319 886; x_wconf 90' lang='lat' dir='ltr'><strong>(v.</strong></span> <span class='ocrx_word' id='word_1_128' title='bbox 1345 845 1484 877; x_wconf 85' lang='lat' dir='ltr'><strong>Pellerin</strong></span> <span class='ocrx_word' id='word_1_129' title='bbox 1510 854 1540 878; x_wconf 86' lang='lat' dir='ltr'><strong>et</strong></span> <span class='ocrx_word' id='word_1_130' title='bbox 1562 846 1668 888; x_wconf 83' lang='lat' dir='ltr'><strong>Bayer</strong></span> <span class='ocrx_word' id='word_1_131' title='bbox 1690 846 1724 878; x_wconf 90' lang='lat' dir='ltr'><strong>ll.</strong></span> <span class='ocrx_word' id='word_1_132' title='bbox 1750 849 1818 886; x_wconf 92' lang='lat' dir='ltr'><strong>cc.)</strong></span> <span class='ocrx_word' id='word_1_133' title='bbox 1842 853 1873 878; x_wconf 87' lang='lat' dir='ltr'><strong>et</strong></span> <span class='ocrx_word' id='word_1_134' title='bbox 1897 846 1936 878; x_wconf 87' lang='lat' dir='ltr'><strong>ab</strong></span> 
     </span>
     <span class='ocr_line' id='line_1_12' title="bbox 306 893 1936 945; baseline 0.002 -16"><span class='ocrx_word' id='word_1_135' title='bbox 306 900 379 941; x_wconf 89' lang='lat' dir='ltr'><strong>ipso</strong></span> <span class='ocrx_word' id='word_1_136' title='bbox 409 901 552 942; x_wconf 86' lang='lat' dir='ltr'><strong>agnitum</strong></span> <span class='ocrx_word' id='word_1_137' title='bbox 583 893 851 931; x_wconf 78' lang='lat' dir='ltr'><strong>et‘retractatum</strong></span> <span class='ocrx_word' id='word_1_138' title='bbox 881 898 995 940; x_wconf 84' lang='lat' dir='ltr'><strong>(lettre</strong></span> <span class='ocrx_word' id='word_1_139' title='bbox 1024 900 1044 930; x_wconf 71' lang='grc' dir='ltr'><em>ὲ</em></span> <span class='ocrx_word' id='word_1_140' title='bbox 1067 899 1204 932; x_wconf 79' lang='lat' dir='ltr'><strong>Olivieri</strong></span> <span class='ocrx_word' id='word_1_141' title='bbox 1226 913 1257 943; x_wconf 88' lang='lat' dir='ltr'><strong>p.</strong></span> <span class='ocrx_word' id='word_1_142' title='bbox 1278 904 1329 933; x_wconf 90' lang='grc'><strong>43.</strong></span> <span class='ocrx_word' id='word_1_143' title='bbox 1361 901 1564 935; x_wconf 88' lang='lat' dir='ltr'><strong>Recherches</strong></span> <span class='ocrx_word' id='word_1_144' title='bbox 1587 915 1642 934; x_wconf 87' lang='lat' dir='ltr'><strong>sur</strong></span> <span class='ocrx_word' id='word_1_145' title='bbox 1664 902 1713 934; x_wconf 89' lang='lat' dir='ltr'><strong>les</strong></span> <span class='ocrx_word' id='word_1_146' title='bbox 1732 904 1873 945; x_wconf 84' lang='lat' dir='ltr'><strong>origines</strong></span> <span class='ocrx_word' id='word_1_147' title='bbox 1897 903 1936 933; x_wconf 90' lang='lat' dir='ltr'><strong>de</strong></span> 
     </span>
     <span class='ocr_line' id='line_1_13' title="bbox 306 953 1935 1002; baseline 0.003 -16"><span class='ocrx_word' id='word_1_148' title='bbox 306 953 448 986; x_wconf 74' lang='lat' dir='ltr'><strong>&#39;l&#39;onlose</strong></span> <span class='ocrx_word' id='word_1_149' title='bbox 477 967 505 998; x_wconf 90' lang='lat' dir='ltr'><strong>p.</strong></span> <span class='ocrx_word' id='word_1_150' title='bbox 529 959 577 989; x_wconf 81' lang='lat'><strong>14.</strong></span> <span class='ocrx_word' id='word_1_151' title='bbox 602 956 661 996; x_wconf 81' lang='lat'><strong>¹5)</strong></span> <span class='ocrx_word' id='word_1_152' title='bbox 693 963 799 987; x_wconf 83' lang='lat' dir='ltr'><strong>tamen</strong></span> <span class='ocrx_word' id='word_1_153' title='bbox 829 956 1025 996; x_wconf 88' lang='lat' dir='ltr'><strong>repetierunt</strong></span> <span class='ocrx_word' id='word_1_154' title='bbox 1057 955 1304 989; x_wconf 86' lang='lat' dir='ltr'><strong>Bellermannus</strong></span> <span class='ocrx_word' id='word_1_155' title='bbox 1328 958 1364 998; x_wconf 91' lang='lat' dir='ltr'><strong>(I</strong></span> <span class='ocrx_word' id='word_1_156' title='bbox 1386 970 1415 1000; x_wconf 91' lang='lat' dir='ltr'><strong>p.</strong></span> <span class='ocrx_word' id='word_1_157' title='bbox 1438 960 1498 1001; x_wconf 87' lang='grc'><strong>22)</strong></span> <span class='ocrx_word' id='word_1_158' title='bbox 1520 966 1552 991; x_wconf 91' lang='lat' dir='ltr'><strong>et</strong></span> <span class='ocrx_word' id='word_1_159' title='bbox 1573 959 1792 1002; x_wconf 88' lang='lat' dir='ltr'><strong>Lindbergius</strong></span> <span class='ocrx_word' id='word_1_160' title='bbox 1816 970 1847 1001; x_wconf 89' lang='lat' dir='ltr'><strong>p.</strong></span> <span class='ocrx_word' id='word_1_161' title='bbox 1871 962 1935 998; x_wconf 62' lang='lat'><strong>69„</strong></span> 
     </span>
     <span class='ocr_line' id='line_1_14' title="bbox 307 1010 1936 1057; baseline 0.002 -15"><span class='ocrx_word' id='word_1_162' title='bbox 307 1012 360 1053; x_wconf 90' lang='lat' dir='ltr'><strong>qui</strong></span> <span class='ocrx_word' id='word_1_163' title='bbox 390 1011 451 1042; x_wconf 92' lang='lat' dir='ltr'><strong>hoc</strong></span> <span class='ocrx_word' id='word_1_164' title='bbox 479 1023 544 1042; x_wconf 91' lang='grc'><strong>11110</strong></span> <span class='ocrx_word' id='word_1_165' title='bbox 572 1022 682 1042; x_wconf 86' lang='lat' dir='ltr'><strong>errore</strong></span> <span class='ocrx_word' id='word_1_166' title='bbox 710 1012 751 1042; x_wconf 85' lang='lat' dir='ltr'><strong>ad</strong></span> <span class='ocrx_word' id='word_1_167' title='bbox 779 1010 886 1053; x_wconf 87' lang='lat' dir='ltr'><strong>plures</strong></span> <span class='ocrx_word' id='word_1_168' title='bbox 921 1010 1002 1042; x_wconf 85' lang='lat' dir='ltr'><strong>alios</strong></span> <span class='ocrx_word' id='word_1_169' title='bbox 1032 1022 1151 1054; x_wconf 90' lang='lat' dir='ltr'><strong>eosque</strong></span> <span class='ocrx_word' id='word_1_170' title='bbox 1180 1012 1280 1044; x_wconf 90' lang='lat' dir='ltr'><strong>multo</strong></span> <span class='ocrx_word' id='word_1_171' title='bbox 1311 1015 1448 1046; x_wconf 85' lang='lat' dir='ltr'><strong>maiores</strong></span> <span class='ocrx_word' id='word_1_172' title='bbox 1473 1016 1626 1047; x_wconf 88' lang='lat' dir='ltr'><strong>deductus</strong></span> <span class='ocrx_word' id='word_1_173' title='bbox 1656 1023 1706 1047; x_wconf 84' lang='lat' dir='ltr'><strong>est</strong></span> <span class='ocrx_word' id='word_1_174' title='bbox 1741 1016 1832 1056; x_wconf 89' lang='lat' dir='ltr'><strong>(vide</strong></span> <span class='ocrx_word' id='word_1_175' title='bbox 1867 1026 1936 1057; x_wconf 88' lang='lat' dir='ltr'><strong>pag.</strong></span> 
     </span>
     <span class='ocr_line' id='line_1_15' title="bbox 307 1066 1935 1113; baseline 0.002 -14"><span class='ocrx_word' id='word_1_176' title='bbox 307 1070 358 1099; x_wconf 88' lang='lat'><strong>20.</strong></span> <span class='ocrx_word' id='word_1_177' title='bbox 387 1070 438 1099; x_wconf 87' lang='lat'><strong>31.</strong></span> <span class='ocrx_word' id='word_1_178' title='bbox 467 1067 549 1109; x_wconf 83' lang='lat'><strong>32),</strong></span> <span class='ocrx_word' id='word_1_179' title='bbox 589 1069 707 1110; x_wconf 85' lang='lat' dir='ltr'><strong>quippe</strong></span> <span class='ocrx_word' id='word_1_180' title='bbox 746 1068 800 1109; x_wconf 94' lang='lat' dir='ltr'><strong>qui</strong></span> <span class='ocrx_word' id='word_1_181' title='bbox 839 1067 898 1098; x_wconf 89' lang='lat' dir='ltr'><strong>hac</strong></span> <span class='ocrx_word' id='word_1_182' title='bbox 934 1066 1072 1098; x_wconf 89' lang='lat' dir='ltr'><strong>lectione</strong></span> <span class='ocrx_word' id='word_1_183' title='bbox 1106 1069 1238 1099; x_wconf 87' lang='lat' dir='ltr'><strong>innixus</strong></span> <span class='ocrx_word' id='word_1_184' title='bbox 1271 1068 1378 1111; x_wconf 86' lang='lat' dir='ltr'><strong>plures</strong></span> <span class='ocrx_word' id='word_1_185' title='bbox 1407 1069 1553 1112; x_wconf 87' lang='lat' dir='ltr'><strong>figuras,</strong></span> <span class='ocrx_word' id='word_1_186' title='bbox 1597 1082 1677 1113; x_wconf 84' lang='lat' dir='ltr'><strong>quae</strong></span> <span class='ocrx_word' id='word_1_187' title='bbox 1709 1071 1820 1113; x_wconf 69' lang='lat' dir='ltr'><strong>Aleplt</strong></span> <span class='ocrx_word' id='word_1_188' title='bbox 1849 1077 1935 1110; x_wconf 85' lang='lat' dir='ltr'><strong>sunt,</strong></span> 
     </span>
     <span class='ocr_line' id='line_1_16' title="bbox 306 1122 1936 1170; baseline 0.001 -14"><span class='ocrx_word' id='word_1_189' title='bbox 306 1123 450 1167; x_wconf 90' lang='lat' dir='ltr'><strong>Kophim</strong></span> <span class='ocrx_word' id='word_1_190' title='bbox 479 1124 572 1162; x_wconf 82' lang='lat' dir='ltr'><strong>facit,</strong></span> <span class='ocrx_word' id='word_1_191' title='bbox 608 1123 734 1166; x_wconf 81' lang='lat' dir='ltr'><strong>plures,</strong></span> <span class='ocrx_word' id='word_1_192' title='bbox 771 1134 852 1166; x_wconf 78' lang='lat' dir='ltr'><strong>quae</strong></span> <span class='ocrx_word' id='word_1_193' title='bbox 882 1122 950 1155; x_wconf 85' lang='lat' dir='ltr'><strong>Jod</strong></span> <span class='ocrx_word' id='word_1_194' title='bbox 985 1130 1077 1162; x_wconf 81' lang='lat' dir='ltr'><strong>sunt,</strong></span> <span class='ocrx_word' id='word_1_195' title='bbox 1116 1124 1225 1156; x_wconf 85' lang='lat' dir='ltr'><strong>Schin.</strong></span> <span class='ocrx_word' id='word_1_196' title='bbox 1271 1124 1354 1157; x_wconf 86' lang='lat' dir='ltr'><strong>Tres</strong></span> <span class='ocrx_word' id='word_1_197' title='bbox 1383 1125 1508 1158; x_wconf 82' lang='lat' dir='ltr'><strong>litteras</strong></span> <span class='ocrx_word' id='word_1_198' title='bbox 1540 1127 1656 1170; x_wconf 45' lang='lat' dir='ltr'><strong>(amp)</strong></span> <span class='ocrx_word' id='word_1_199' title='bbox 1691 1126 1775 1158; x_wconf 87' lang='lat' dir='ltr'><strong>male</strong></span> <span class='ocrx_word' id='word_1_200' title='bbox 1812 1126 1936 1169; x_wconf 81' lang='lat' dir='ltr'><strong>legerat</strong></span> 
     </span>
     <span class='ocr_line' id='line_1_17' title="bbox 306 1180 1936 1225; baseline 0.001 -13"><span class='ocrx_word' id='word_1_201' title='bbox 306 1180 554 1222; x_wconf 84' lang='lat' dir='ltr'><strong>Barthelemyus</strong></span> <span class='ocrx_word' id='word_1_202' title='bbox 574 1187 605 1211; x_wconf 89' lang='lat' dir='ltr'><strong>et</strong></span> <span class='ocrx_word' id='word_1_203' title='bbox 627 1181 681 1222; x_wconf 91' lang='lat' dir='ltr'><strong>qui</strong></span> <span class='ocrx_word' id='word_1_204' title='bbox 703 1190 776 1211; x_wconf 90' lang='lat' dir='ltr'><strong>eum</strong></span> <span class='ocrx_word' id='word_1_205' title='bbox 798 1181 925 1222; x_wconf 90' lang='lat' dir='ltr'><strong>sequuti</strong></span> <span class='ocrx_word' id='word_1_206' title='bbox 947 1186 1036 1211; x_wconf 91' lang='lat' dir='ltr'><strong>sunt:</strong></span> <span class='ocrx_word' id='word_1_207' title='bbox 1060 1181 1093 1211; x_wconf 86' lang='grc'><strong>111</strong></span> <span class='ocrx_word' id='word_1_208' title='bbox 1115 1180 1258 1220; x_wconf 68' lang='lat' dir='ltr'><strong>duabus,</strong></span> <span class='ocrx_word' id='word_1_209' title='bbox 1288 1182 1430 1213; x_wconf 86' lang='lat' dir='ltr'><strong>secunda</strong></span> <span class='ocrx_word' id='word_1_210' title='bbox 1453 1190 1485 1214; x_wconf 91' lang='lat' dir='ltr'><strong>et</strong></span> <span class='ocrx_word' id='word_1_211' title='bbox 1502 1184 1615 1223; x_wconf 89' lang='lat' dir='ltr'><strong>tertia,</strong></span> <span class='ocrx_word' id='word_1_212' title='bbox 1638 1182 1785 1225; x_wconf 88' lang='lat' dir='ltr'><strong>legendis</strong></span> <span class='ocrx_word' id='word_1_213' title='bbox 1808 1183 1936 1214; x_wconf 89' lang='lat' dir='ltr'><strong>aberrat</strong></span> 
     </span>
     <span class='ocr_line' id='line_1_18' title="bbox 307 1235 1934 1282; baseline 0.002 -14"><span class='ocrx_word' id='word_1_214' title='bbox 307 1239 405 1269; x_wconf 81' lang='lat' dir='ltr'><strong>etiam</strong></span> <span class='ocrx_word' id='word_1_215' title='bbox 427 1236 589 1278; x_wconf 83' lang='lat' dir='ltr'><strong>Bayerus,</strong></span> <span class='ocrx_word' id='word_1_216' title='bbox 627 1238 681 1279; x_wconf 88' lang='lat' dir='ltr'><strong>qui</strong></span> <span class='ocrx_word' id='word_1_217' title='bbox 712 1244 819 1270; x_wconf 59' lang='grc' dir='ltr'><strong>Ότι-111711</strong></span> <span class='ocrx_word' id='word_1_218' title='bbox 847 1235 927 1279; x_wconf 80' lang='lat' dir='ltr'><strong>legit</strong></span> <span class='ocrx_word' id='word_1_219' title='bbox 949 1243 981 1267; x_wconf 87' lang='lat' dir='ltr'><strong>et</strong></span> <span class='ocrx_word' id='word_1_220' title='bbox 1002 1236 1142 1268; x_wconf 72' lang='lat' dir='ltr'><strong>Istonim</strong></span> <span class='ocrx_word' id='word_1_221' title='bbox 1165 1248 1190 1268; x_wconf 91' lang='lat' dir='ltr'><strong>s.</strong></span> <span class='ocrx_word' id='word_1_222' title='bbox 1213 1237 1328 1276; x_wconf 69' lang='lat' dir='ltr'><strong>Ision,</strong></span> <span class='ocrx_word' id='word_1_223' title='bbox 1366 1238 1538 1282; x_wconf 79' lang='lat' dir='ltr'><strong>Udenoen,</strong></span> <span class='ocrx_word' id='word_1_224' title='bbox 1569 1239 1693 1280; x_wconf 80' lang='lat' dir='ltr'><strong>Libyae</strong></span> <span class='ocrx_word' id='word_1_225' title='bbox 1715 1238 1855 1270; x_wconf 88' lang='lat' dir='ltr'><strong>insulam</strong></span> <span class='ocrx_word' id='word_1_226' title='bbox 1887 1241 1934 1279; x_wconf 80' lang='lat' dir='ltr'><strong>(v.</strong></span> 
     </span>
     <span class='ocr_line' id='line_1_19' title="bbox 308 1291 1936 1337; baseline 0.001 -12"><span class='ocrx_word' id='word_1_227' title='bbox 308 1293 417 1336; x_wconf 86' lang='lat' dir='ltr'><strong>Steph.</strong></span> <span class='ocrx_word' id='word_1_228' title='bbox 453 1293 532 1334; x_wconf 81' lang='lat' dir='ltr'><strong>Byz.</strong></span> <span class='ocrx_word' id='word_1_229' title='bbox 568 1304 596 1324; x_wconf 76' lang='lat' dir='ltr'><strong>V.</strong></span> <span class='ocrx_word' id='word_1_230' title='bbox 628 1291 748 1334; x_wconf 74' lang='grc' dir='ltr'><strong><em>’Ῑστὸς)</em></strong></span> <span class='ocrx_word' id='word_1_231' title='bbox 790 1292 971 1334; x_wconf 87' lang='lat' dir='ltr'><strong>intelligere</strong></span> <span class='ocrx_word' id='word_1_232' title='bbox 1008 1292 1099 1324; x_wconf 88' lang='lat' dir='ltr'><strong>vult:</strong></span> <span class='ocrx_word' id='word_1_233' title='bbox 1143 1299 1175 1324; x_wconf 88' lang='lat' dir='ltr'><strong>et</strong></span> <span class='ocrx_word' id='word_1_234' title='bbox 1208 1295 1240 1324; x_wconf 93' lang='lat' dir='ltr'><strong>in</strong></span> <span class='ocrx_word' id='word_1_235' title='bbox 1281 1305 1346 1325; x_wconf 85' lang='lat' dir='ltr'><strong>una</strong></span> <span class='ocrx_word' id='word_1_236' title='bbox 1384 1296 1476 1326; x_wconf 87' lang='lat' dir='ltr'><strong>tertia</strong></span> <span class='ocrx_word' id='word_1_237' title='bbox 1513 1295 1659 1337; x_wconf 88' lang='lat' dir='ltr'><strong>Koppius</strong></span> <span class='ocrx_word' id='word_1_238' title='bbox 1702 1293 1835 1333; x_wconf 87' lang='lat' dir='ltr'><strong>(Bilder</strong></span> <span class='ocrx_word' id='word_1_239' title='bbox 1873 1295 1936 1326; x_wconf 85' lang='lat' dir='ltr'><strong>und</strong></span> 
     </span>
     <span class='ocr_line' id='line_1_20' title="bbox 308 1349 1936 1394; baseline 0.001 -14"><span class='ocrx_word' id='word_1_240' title='bbox 308 1349 469 1381; x_wconf 82' lang='lat' dir='ltr'><strong>Schriften</strong></span> <span class='ocrx_word' id='word_1_241' title='bbox 493 1349 535 1388; x_wconf 90' lang='lat' dir='ltr'><strong>II,</strong></span> <span class='ocrx_word' id='word_1_242' title='bbox 562 1349 659 1390; x_wconf 79' lang='lat'><strong>196),</strong></span> <span class='ocrx_word' id='word_1_243' title='bbox 695 1360 788 1391; x_wconf 90' lang='lat' dir='ltr'><strong>quem</strong></span> <span class='ocrx_word' id='word_1_244' title='bbox 811 1350 953 1391; x_wconf 86' lang='lat' dir='ltr'><strong>sequitur</strong></span> <span class='ocrx_word' id='word_1_245' title='bbox 975 1349 1181 1380; x_wconf 82' lang='lat' dir='ltr'><strong>Harnakerus</strong></span> <span class='ocrx_word' id='word_1_246' title='bbox 1217 1349 1377 1392; x_wconf 87' lang='lat' dir='ltr'><strong>(Miscell.</strong></span> <span class='ocrx_word' id='word_1_247' title='bbox 1403 1352 1504 1394; x_wconf 84' lang='lat'><strong>146),</strong></span> <span class='ocrx_word' id='word_1_248' title='bbox 1541 1351 1653 1394; x_wconf 84' lang='lat' dir='ltr'><strong>legens</strong></span> <span class='ocrx_word' id='word_1_249' title='bbox 1677 1352 1936 1388; x_wconf 53' lang='lat' dir='ltr'><strong>na-wumimula</strong></span> 
     </span>
     <span class='ocr_line' id='line_1_21' title="bbox 308 1405 1936 1450; baseline -0.001 -11"><span class='ocrx_word' id='word_1_250' title='bbox 308 1408 551 1439; x_wconf 67' lang='grc' dir='ltr'><strong>(ηέἰονιίινιινιιις</strong></span> <span class='ocrx_word' id='word_1_251' title='bbox 573 1405 625 1436; x_wconf 87' lang='lat' dir='ltr'><strong>vel</strong></span> <span class='ocrx_word' id='word_1_252' title='bbox 648 1407 788 1446; x_wconf 76' lang='lat' dir='ltr'><strong>„imula</strong></span> <span class='ocrx_word' id='word_1_253' title='bbox 810 1409 1017 1444; x_wconf 81' lang='lat' dir='ltr'><strong>victorum“,</strong></span> <span class='ocrx_word' id='word_1_254' title='bbox 1049 1407 1100 1437; x_wconf 90' lang='lat' dir='ltr'><strong>cui</strong></span> <span class='ocrx_word' id='word_1_255' title='bbox 1123 1406 1197 1448; x_wconf 88' lang='lat' dir='ltr'><strong>quid</strong></span> <span class='ocrx_word' id='word_1_256' title='bbox 1222 1407 1317 1437; x_wconf 87' lang='lat' dir='ltr'><strong>etiam</strong></span> <span class='ocrx_word' id='word_1_257' title='bbox 1341 1417 1360 1437; x_wconf 87' lang='lat' dir='ltr'><strong>a</strong></span> <span class='ocrx_word' id='word_1_258' title='bbox 1380 1406 1510 1450; x_wconf 84' lang='lat' dir='ltr'><strong>linguae</strong></span> <span class='ocrx_word' id='word_1_259' title='bbox 1532 1407 1712 1439; x_wconf 86' lang='lat' dir='ltr'><strong>rationibus</strong></span> <span class='ocrx_word' id='word_1_260' title='bbox 1734 1406 1850 1446; x_wconf 84' lang='lat' dir='ltr'><strong>obstet,</strong></span> <span class='ocrx_word' id='word_1_261' title='bbox 1872 1408 1936 1437; x_wconf 85' lang='lat' dir='ltr'><strong>iarn</strong></span> 
     </span>
     <span class='ocr_line' id='line_1_22' title="bbox 307 1463 811 1506; baseline -0.002 -12"><span class='ocrx_word' id='word_1_262' title='bbox 307 1474 404 1506; x_wconf 83' lang='lat' dir='ltr'><strong>snpra</strong></span> <span class='ocrx_word' id='word_1_263' title='bbox 427 1463 476 1506; x_wconf 91' lang='lat' dir='ltr'><strong>(p.</strong></span> <span class='ocrx_word' id='word_1_264' title='bbox 502 1465 585 1503; x_wconf 83' lang='lat'>282)</span> <span class='ocrx_word' id='word_1_265' title='bbox 609 1463 728 1494; x_wconf 83' lang='lat' dir='ltr'><strong>dictum</strong></span> <span class='ocrx_word' id='word_1_266' title='bbox 751 1469 811 1494; x_wconf 89' lang='lat' dir='ltr'><strong>est.</strong></span> 
     </span>
    </p>
   </div>
   <div class='ocr_carea' id='block_1_3' title="bbox 309 1519 1938 1632">
    <p class='ocr_par' dir='ltr' id='par_1_3' title="bbox 309 1519 1938 1632">
     <span class='ocr_line' id='line_1_23' title="bbox 437 1519 1938 1575; baseline -0.001 -10"><span class='ocrx_word' id='word_1_267' title='bbox 437 1532 522 1571; x_wconf 80' lang='lat' dir='ltr'><strong>Quid</strong></span> <span class='ocrx_word' id='word_1_268' title='bbox 552 1519 659 1565; x_wconf 75' lang='lat' dir='ltr'><strong>autem</strong></span> <span class='ocrx_word' id='word_1_269' title='bbox 687 1540 736 1564; x_wconf 85' lang='lat' dir='ltr'><strong>est</strong></span> <span class='ocrx_word' id='word_1_270' title='bbox 767 1531 848 1564; x_wconf 94' lang='lat' dir='ltr'><strong>illud</strong></span> <span class='ocrx_word' id='word_1_271' title='bbox 878 1532 990 1566; x_wconf 64' lang='lat' dir='ltr'><strong>naa-&amp;2</strong></span> <span class='ocrx_word' id='word_1_272' title='bbox 1029 1533 1184 1575; x_wconf 87' lang='lat' dir='ltr'><strong>Equidem</strong></span> <span class='ocrx_word' id='word_1_273' title='bbox 1216 1532 1262 1564; x_wconf 89' lang='lat' dir='ltr'><strong>nil</strong></span> <span class='ocrx_word' id='word_1_274' title='bbox 1292 1533 1401 1564; x_wconf 88' lang='lat' dir='ltr'><strong>dubito</strong></span> <span class='ocrx_word' id='word_1_275' title='bbox 1431 1533 1481 1574; x_wconf 90' lang='lat' dir='ltr'><strong>(v.</strong></span> <span class='ocrx_word' id='word_1_276' title='bbox 1511 1532 1714 1575; x_wconf 86' lang='lat' dir='ltr'><strong>Ephemerid.</strong></span> <span class='ocrx_word' id='word_1_277' title='bbox 1745 1532 1820 1564; x_wconf 85' lang='lat' dir='ltr'><strong>Hal.</strong></span> <span class='ocrx_word' id='word_1_278' title='bbox 1847 1536 1938 1572; x_wconf 84' lang='lat'><strong>1825,</strong></span> 
     </span>
     <span class='ocr_line' id='line_1_24' title="bbox 309 1589 1716 1632; baseline -0.001 -10"><span class='ocrx_word' id='word_1_279' title='bbox 309 1601 361 1622; x_wconf 92' lang='lat' dir='ltr'><strong>no.</strong></span> <span class='ocrx_word' id='word_1_280' title='bbox 385 1593 436 1622; x_wconf 88' lang='grc'><strong>63.</strong></span> <span class='ocrx_word' id='word_1_281' title='bbox 474 1589 652 1632; x_wconf 85' lang='lat' dir='ltr'><strong>Palaeogr.-</strong></span> <span class='ocrx_word' id='word_1_282' title='bbox 668 1589 801 1620; x_wconf 87' lang='lat' dir='ltr'><strong>Studien</strong></span> <span class='ocrx_word' id='word_1_283' title='bbox 826 1601 857 1632; x_wconf 87' lang='lat' dir='ltr'><strong>p.</strong></span> <span class='ocrx_word' id='word_1_284' title='bbox 881 1590 942 1630; x_wconf 87' lang='lat'><strong>64)</strong></span> <span class='ocrx_word' id='word_1_285' title='bbox 966 1591 1043 1632; x_wconf 85' lang='lat' dir='ltr'><strong>quin</strong></span> <span class='ocrx_word' id='word_1_286' title='bbox 1065 1589 1344 1632; x_wconf 87' lang='lat' dir='ltr'><strong>pronunciandum</strong></span> <span class='ocrx_word' id='word_1_287' title='bbox 1369 1596 1401 1620; x_wconf 87' lang='lat' dir='ltr'><strong>et</strong></span> <span class='ocrx_word' id='word_1_288' title='bbox 1423 1589 1651 1632; x_wconf 85' lang='lat' dir='ltr'><strong>explicandum</strong></span> <span class='ocrx_word' id='word_1_289' title='bbox 1674 1591 1716 1621; x_wconf 89' lang='lat' dir='ltr'><strong>sit</strong></span> 
     </span>
    </p>
   </div>
   <div class='ocr_carea' id='block_1_4' title="bbox 654 1657 1719 1703">
    <p class='ocr_par' dir='ltr' id='par_1_4' title="bbox 654 1657 1719 1703">
     <span class='ocr_line' id='line_1_25' title="bbox 654 1657 1719 1703; baseline 0.006 -15"><span class='ocrx_word' id='word_1_290' title='bbox 654 1667 778 1702; x_wconf 59' lang='lat'><strong>2:32³&amp;</strong></span> <span class='ocrx_word' id='word_1_291' title='bbox 1129 1657 1259 1694; x_wconf 72' lang='lat' dir='ltr'><strong>insula</strong></span> <span class='ocrx_word' id='word_1_292' title='bbox 1274 1658 1458 1703; x_wconf 76' lang='lat' dir='ltr'><strong>filiorum</strong></span> <span class='ocrx_word' id='word_1_293' title='bbox 1484 1671 1512 1694; x_wconf 86' lang='lat' dir='ltr'><strong>s.</strong></span> <span class='ocrx_word' id='word_1_294' title='bbox 1539 1659 1719 1694; x_wconf 76' lang='lat' dir='ltr'><strong>iuvenum</strong></span> 
     </span>
    </p>
   </div>
   <div class='ocr_carea' id='block_1_5' title="bbox 308 1740 1939 2401">
    <p class='ocr_par' dir='ltr' id='par_1_5' title="bbox 308 1740 1939 2401">
     <span class='ocr_line' id='line_1_26' title="bbox 310 1740 1936 1787; baseline 0.004 -20"><span class='ocrx_word' id='word_1_295' title='bbox 310 1744 361 1785; x_wconf 73' lang='lat' dir='ltr'><strong>(v,</strong></span> <span class='ocrx_word' id='word_1_296' title='bbox 385 1751 454 1787; x_wconf 53' lang='lat'><strong>0³33</strong></span> <span class='ocrx_word' id='word_1_297' title='bbox 477 1740 569 1772; x_wconf 82' lang='lat' dir='ltr'><strong>Cant.</strong></span> <span class='ocrx_word' id='word_1_298' title='bbox 588 1744 619 1779; x_wconf 87' lang='lat'><strong>2,</strong></span> <span class='ocrx_word' id='word_1_299' title='bbox 638 1742 695 1781; x_wconf 84' lang='lat'><strong>3);</strong></span> <span class='ocrx_word' id='word_1_300' title='bbox 721 1751 783 1781; x_wconf 88' lang='grc'><strong>(1110</strong></span> <span class='ocrx_word' id='word_1_301' title='bbox 805 1740 935 1770; x_wconf 84' lang='lat' dir='ltr'><strong>nomine</strong></span> <span class='ocrx_word' id='word_1_302' title='bbox 958 1747 1032 1781; x_wconf 85' lang='lat' dir='ltr'><strong>apte</strong></span> <span class='ocrx_word' id='word_1_303' title='bbox 1055 1740 1210 1782; x_wconf 86' lang='lat' dir='ltr'><strong>appellari</strong></span> <span class='ocrx_word' id='word_1_304' title='bbox 1227 1748 1351 1783; x_wconf 85' lang='lat' dir='ltr'><strong>poterat</strong></span> <span class='ocrx_word' id='word_1_305' title='bbox 1368 1743 1514 1779; x_wconf 73' lang='lat' dir='ltr'><strong>colonia,</strong></span> <span class='ocrx_word' id='word_1_306' title='bbox 1535 1743 1700 1773; x_wconf 86' lang='lat' dir='ltr'><strong>iuventute</strong></span> <span class='ocrx_word' id='word_1_307' title='bbox 1717 1749 1750 1773; x_wconf 91' lang='lat' dir='ltr'><strong>ut</strong></span> <span class='ocrx_word' id='word_1_308' title='bbox 1765 1741 1936 1784; x_wconf 85' lang='lat' dir='ltr'><strong>plurimum</strong></span> 
     </span>
     <span class='ocr_line' id='line_1_27' title="bbox 308 1796 1933 1840; baseline -0.001 -9"><span class='ocrx_word' id='word_1_309' title='bbox 308 1806 474 1831; x_wconf 88' lang='lat' dir='ltr'><strong>constans:</strong></span> <span class='ocrx_word' id='word_1_310' title='bbox 505 1805 536 1828; x_wconf 91' lang='lat' dir='ltr'><strong>et</strong></span> <span class='ocrx_word' id='word_1_311' title='bbox 556 1796 753 1828; x_wconf 81' lang='lat' dir='ltr'><strong>levissimum</strong></span> <span class='ocrx_word' id='word_1_312' title='bbox 773 1806 849 1826; x_wconf 87' lang='lat' dir='ltr'><strong>sane</strong></span> <span class='ocrx_word' id='word_1_313' title='bbox 865 1802 930 1834; x_wconf 84' lang='lat' dir='ltr'><strong>est,</strong></span> <span class='ocrx_word' id='word_1_314' title='bbox 956 1796 1039 1837; x_wconf 90' lang='lat' dir='ltr'><strong>quod</strong></span> <span class='ocrx_word' id='word_1_315' title='bbox 1058 1797 1151 1829; x_wconf 89' lang='lat' dir='ltr'><strong>nobis</strong></span> <span class='ocrx_word' id='word_1_316' title='bbox 1168 1799 1306 1829; x_wconf 87' lang='lat' dir='ltr'><strong>occurrit</strong></span> <span class='ocrx_word' id='word_1_317' title='bbox 1322 1798 1545 1835; x_wconf 81' lang='lat' dir='ltr'><strong>Haruakerns,</strong></span> <span class='ocrx_word' id='word_1_318' title='bbox 1568 1797 1601 1828; x_wconf 91' lang='lat' dir='ltr'><strong>id</strong></span> <span class='ocrx_word' id='word_1_319' title='bbox 1616 1799 1755 1830; x_wconf 89' lang='lat' dir='ltr'><strong>nominis</strong></span> <span class='ocrx_word' id='word_1_320' title='bbox 1769 1799 1815 1829; x_wconf 88' lang='lat' dir='ltr'><strong>ita</strong></span> <span class='ocrx_word' id='word_1_321' title='bbox 1829 1805 1933 1840; x_wconf 87' lang='lat' dir='ltr'><strong>aptum</strong></span> 
     </span>
     <span class='ocr_line' id='line_1_28' title="bbox 309 1851 1936 1896; baseline -0.001 -9"><span class='ocrx_word' id='word_1_322' title='bbox 309 1866 399 1893; x_wconf 89' lang='lat' dir='ltr'><strong>esse,</strong></span> <span class='ocrx_word' id='word_1_323' title='bbox 438 1861 473 1886; x_wconf 90' lang='lat' dir='ltr'><strong>ut</strong></span> <span class='ocrx_word' id='word_1_324' title='bbox 503 1855 603 1884; x_wconf 86' lang='lat' dir='ltr'><strong>cuivis</strong></span> <span class='ocrx_word' id='word_1_325' title='bbox 632 1853 699 1884; x_wconf 83' lang='lat' dir='ltr'><strong>fere</strong></span> <span class='ocrx_word' id='word_1_326' title='bbox 727 1851 872 1883; x_wconf 89' lang='lat' dir='ltr'><strong>coloniae</strong></span> <span class='ocrx_word' id='word_1_327' title='bbox 896 1852 995 1883; x_wconf 90' lang='lat' dir='ltr'><strong>tribui</strong></span> <span class='ocrx_word' id='word_1_328' title='bbox 1020 1854 1138 1894; x_wconf 86' lang='lat' dir='ltr'><strong>possit,</strong></span> <span class='ocrx_word' id='word_1_329' title='bbox 1174 1861 1278 1884; x_wconf 87' lang='lat' dir='ltr'><strong>certae</strong></span> <span class='ocrx_word' id='word_1_330' title='bbox 1302 1854 1426 1885; x_wconf 91' lang='lat' dir='ltr'><strong>cuidam</strong></span> <span class='ocrx_word' id='word_1_331' title='bbox 1450 1854 1668 1896; x_wconf 83' lang='lat' dir='ltr'><strong>designandae</strong></span> <span class='ocrx_word' id='word_1_332' title='bbox 1691 1855 1808 1885; x_wconf 86' lang='lat' dir='ltr'><strong>iccirco</strong></span> <span class='ocrx_word' id='word_1_333' title='bbox 1831 1855 1936 1885; x_wconf 89' lang='lat' dir='ltr'><strong>minus</strong></span> 
     </span>
     <span class='ocr_line' id='line_1_29' title="bbox 309 1909 1936 1953; baseline -0.002 -9"><span class='ocrx_word' id='word_1_334' title='bbox 309 1911 604 1944; x_wconf 79' lang='lat' dir='ltr'><strong>accommodatum:</strong></span> <span class='ocrx_word' id='word_1_335' title='bbox 644 1910 695 1940; x_wconf 90' lang='lat' dir='ltr'><strong>cni</strong></span> <span class='ocrx_word' id='word_1_336' title='bbox 725 1909 968 1950; x_wconf 83' lang='lat' dir='ltr'><strong>argumentandi</strong></span> <span class='ocrx_word' id='word_1_337' title='bbox 999 1911 1111 1951; x_wconf 88' lang='lat' dir='ltr'><strong>generi</strong></span> <span class='ocrx_word' id='word_1_338' title='bbox 1139 1911 1362 1951; x_wconf 86' lang='lat' dir='ltr'><strong>respondimus</strong></span> <span class='ocrx_word' id='word_1_339' title='bbox 1384 1911 1417 1940; x_wconf 91' lang='lat' dir='ltr'><strong>in</strong></span> <span class='ocrx_word' id='word_1_340' title='bbox 1441 1912 1620 1942; x_wconf 85' lang='lat' dir='ltr'><strong>exercitatt.</strong></span> <span class='ocrx_word' id='word_1_341' title='bbox 1643 1909 1807 1953; x_wconf 79' lang='lat' dir='ltr'><strong>palaeogr.</strong></span> <span class='ocrx_word' id='word_1_342' title='bbox 1831 1921 1862 1952; x_wconf 89' lang='lat' dir='ltr'><strong>p.</strong></span> <span class='ocrx_word' id='word_1_343' title='bbox 1886 1913 1936 1941; x_wconf 86' lang='lat'><strong>64.</strong></span> 
     </span>
     <span class='ocr_line' id='line_1_30' title="bbox 313 1964 1937 2009; baseline 0 -11"><span class='ocrx_word' id='word_1_344' title='bbox 313 1972 383 2001; x_wconf 84' lang='lat'>103.</span> <span class='ocrx_word' id='word_1_345' title='bbox 428 1966 511 1998; x_wconf 91' lang='lat' dir='ltr'><strong>lllud</strong></span> <span class='ocrx_word' id='word_1_346' title='bbox 534 1973 640 1997; x_wconf 89' lang='lat' dir='ltr'><strong>autem</strong></span> <span class='ocrx_word' id='word_1_347' title='bbox 665 1976 727 1996; x_wconf 93' lang='lat' dir='ltr'><strong>non</strong></span> <span class='ocrx_word' id='word_1_348' title='bbox 756 1964 837 1995; x_wconf 85' lang='lat' dir='ltr'><strong>alius</strong></span> <span class='ocrx_word' id='word_1_349' title='bbox 871 1966 999 1996; x_wconf 66' lang='lat' dir='ltr'><strong>insulae</strong></span> <span class='ocrx_word' id='word_1_350' title='bbox 1021 1966 1209 1998; x_wconf 74' lang='lat' dir='ltr'><strong>coloniaeve</strong></span> <span class='ocrx_word' id='word_1_351' title='bbox 1231 1977 1345 1997; x_wconf 86' lang='lat' dir='ltr'><strong>nomen</strong></span> <span class='ocrx_word' id='word_1_352' title='bbox 1367 1967 1528 2008; x_wconf 86' lang='lat' dir='ltr'><strong>proprium</strong></span> <span class='ocrx_word' id='word_1_353' title='bbox 1553 1977 1624 1998; x_wconf 87' lang='lat' dir='ltr'><strong>esse</strong></span> <span class='ocrx_word' id='word_1_354' title='bbox 1648 1978 1741 2009; x_wconf 87' lang='lat' dir='ltr'><strong>quam</strong></span> <span class='ocrx_word' id='word_1_355' title='bbox 1768 1967 1937 2007; x_wconf 65' lang='lat' dir='ltr'><strong>Corcyrae,</strong></span> 
     </span>
     <span class='ocr_line' id='line_1_31' title="bbox 308 2020 1937 2065; baseline -0.004 -6"><span class='ocrx_word' id='word_1_356' title='bbox 308 2028 342 2059; x_wconf 84' lang='lat' dir='ltr'><strong>id</strong></span> <span class='ocrx_word' id='word_1_357' title='bbox 363 2037 403 2057; x_wconf 87' lang='lat' dir='ltr'><strong>ea</strong></span> <span class='ocrx_word' id='word_1_358' title='bbox 425 2024 539 2055; x_wconf 89' lang='lat' dir='ltr'><strong>horum</strong></span> <span class='ocrx_word' id='word_1_359' title='bbox 563 2032 730 2053; x_wconf 79' lang='lat' dir='ltr'><strong>numorurn</strong></span> <span class='ocrx_word' id='word_1_360' title='bbox 754 2020 905 2063; x_wconf 86' lang='lat' dir='ltr'><strong>exempla</strong></span> <span class='ocrx_word' id='word_1_361' title='bbox 927 2023 1098 2060; x_wconf 91' lang='lat' dir='ltr'><strong>evincunt,</strong></span> <span class='ocrx_word' id='word_1_362' title='bbox 1132 2023 1165 2053; x_wconf 92' lang='lat' dir='ltr'><strong>in</strong></span> <span class='ocrx_word' id='word_1_363' title='bbox 1187 2022 1302 2064; x_wconf 91' lang='lat' dir='ltr'><strong>quibus</strong></span> <span class='ocrx_word' id='word_1_364' title='bbox 1326 2033 1381 2064; x_wconf 90' lang='lat' dir='ltr'><strong>pro</strong></span> <span class='ocrx_word' id='word_1_365' title='bbox 1404 2023 1613 2064; x_wconf 87' lang='lat' dir='ltr'><strong>inscriptione</strong></span> <span class='ocrx_word' id='word_1_366' title='bbox 1637 2023 1758 2054; x_wconf 85' lang='lat' dir='ltr'><strong>Punica</strong></span> <span class='ocrx_word' id='word_1_367' title='bbox 1781 2024 1937 2065; x_wconf 87' lang='lat' dir='ltr'><strong>reperitur</strong></span> 
     </span>
     <span class='ocr_line' id='line_1_32' title="bbox 309 2077 1935 2119; baseline -0.002 -5"><span class='ocrx_word' id='word_1_368' title='bbox 309 2083 411 2114; x_wconf 88' lang='lat' dir='ltr'><strong>latina</strong></span> <span class='ocrx_word' id='word_1_369' title='bbox 440 2078 651 2112; x_wconf 83' lang='lat' dir='ltr'>COSSVRA.</span> <span class='ocrx_word' id='word_1_370' title='bbox 694 2077 831 2108; x_wconf 85' lang='lat' dir='ltr'><strong>Pellerin</strong></span> <span class='ocrx_word' id='word_1_371' title='bbox 855 2077 920 2116; x_wconf 90' lang='lat'><strong>111,</strong></span> <span class='ocrx_word' id='word_1_372' title='bbox 943 2081 1003 2116; x_wconf 84' lang='lat'><strong>97,</strong></span> <span class='ocrx_word' id='word_1_373' title='bbox 1029 2090 1079 2109; x_wconf 91' lang='lat' dir='ltr'><strong>no.</strong></span> <span class='ocrx_word' id='word_1_374' title='bbox 1103 2082 1132 2110; x_wconf 93' lang='lat'><strong>2.</strong></span> <span class='ocrx_word' id='word_1_375' title='bbox 1177 2078 1326 2110; x_wconf 88' lang='lat' dir='ltr'><strong>Mionnet</strong></span> <span class='ocrx_word' id='word_1_376' title='bbox 1349 2078 1374 2117; x_wconf 94' lang='lat' dir='ltr'><strong>I,</strong></span> <span class='ocrx_word' id='word_1_377' title='bbox 1399 2081 1478 2116; x_wconf 85' lang='lat'><strong>340,</strong></span> <span class='ocrx_word' id='word_1_378' title='bbox 1513 2079 1585 2110; x_wconf 85' lang='lat' dir='ltr'><strong>vide</strong></span> <span class='ocrx_word' id='word_1_379' title='bbox 1609 2087 1708 2110; x_wconf 86' lang='lat' dir='ltr'><strong>nostr.</strong></span> <span class='ocrx_word' id='word_1_380' title='bbox 1732 2078 1793 2110; x_wconf 89' lang='lat' dir='ltr'><strong>litt.</strong></span> <span class='ocrx_word' id='word_1_381' title='bbox 1816 2079 1845 2110; x_wconf 93' lang='lat' dir='ltr'>D</span> <span class='ocrx_word' id='word_1_382' title='bbox 1883 2080 1935 2119; x_wconf 89' lang='lat' dir='ltr'><strong>(in</strong></span> 
     </span>
     <span class='ocr_line' id='line_1_33' title="bbox 314 2133 1939 2182; baseline -0.002 -14"><span class='ocrx_word' id='word_1_383' title='bbox 314 2150 395 2182; x_wconf 87' lang='lat' dir='ltr'><strong>quo,</strong></span> <span class='ocrx_word' id='word_1_384' title='bbox 436 2144 471 2168; x_wconf 91' lang='grc'><strong>111</strong></span> <span class='ocrx_word' id='word_1_385' title='bbox 502 2135 562 2166; x_wconf 85' lang='grc' dir='ltr'><strong>11οο</strong></span> <span class='ocrx_word' id='word_1_386' title='bbox 593 2136 625 2165; x_wconf 88' lang='grc'><strong>111</strong></span> <span class='ocrx_word' id='word_1_387' title='bbox 658 2142 841 2165; x_wconf 74' lang='lat' dir='ltr'><strong>transcursu</strong></span> <span class='ocrx_word' id='word_1_388' title='bbox 872 2133 1099 2174; x_wconf 71' lang='lat' dir='ltr'><strong>observemus,</strong></span> <span class='ocrx_word' id='word_1_389' title='bbox 1137 2134 1240 2177; x_wconf 82' lang='lat' dir='ltr'><strong>figura</strong></span> <span class='ocrx_word' id='word_1_390' title='bbox 1272 2136 1356 2166; x_wconf 88' lang='lat' dir='ltr'><strong>intra</strong></span> <span class='ocrx_word' id='word_1_391' title='bbox 1393 2145 1542 2166; x_wconf 88' lang='lat' dir='ltr'><strong>coronam</strong></span> <span class='ocrx_word' id='word_1_392' title='bbox 1574 2146 1759 2177; x_wconf 86' lang='lat' dir='ltr'><strong>comparens</strong></span> <span class='ocrx_word' id='word_1_393' title='bbox 1792 2147 1854 2167; x_wconf 93' lang='lat' dir='ltr'><strong>non</strong></span> <span class='ocrx_word' id='word_1_394' title='bbox 1892 2142 1939 2166; x_wconf 87' lang='lat' dir='ltr'><strong>est</strong></span> 
     </span>
     <span class='ocr_line' id='line_1_34' title="bbox 310 2189 1937 2234; baseline -0.004 -8"><span class='ocrx_word' id='word_1_395' title='bbox 310 2194 491 2234; x_wconf 85' lang='lat' dir='ltr'><strong>„machina</strong></span> <span class='ocrx_word' id='word_1_396' title='bbox 514 2190 721 2233; x_wconf 79' lang='lat' dir='ltr'><strong>triangularis</strong></span> <span class='ocrx_word' id='word_1_397' title='bbox 732 2194 772 2228; x_wconf 85' lang='lat'><strong>“,</strong></span> <span class='ocrx_word' id='word_1_398' title='bbox 804 2198 838 2221; x_wconf 88' lang='lat' dir='ltr'><strong>ut</strong></span> <span class='ocrx_word' id='word_1_399' title='bbox 862 2189 929 2221; x_wconf 75' lang='lat' dir='ltr'><strong>vult</strong></span> <span class='ocrx_word' id='word_1_400' title='bbox 951 2191 1188 2232; x_wconf 87' lang='lat' dir='ltr'><strong>Lindbergius,</strong></span> <span class='ocrx_word' id='word_1_401' title='bbox 1220 2192 1276 2222; x_wconf 88' lang='lat' dir='ltr'><strong>sed</strong></span> <span class='ocrx_word' id='word_1_402' title='bbox 1300 2189 1442 2232; x_wconf 80' lang='lat' dir='ltr'><strong>vulgaris</strong></span> <span class='ocrx_word' id='word_1_403' title='bbox 1465 2190 1521 2222; x_wconf 87' lang='lat' dir='ltr'><strong>illa</strong></span> <span class='ocrx_word' id='word_1_404' title='bbox 1544 2190 1653 2222; x_wconf 87' lang='lat' dir='ltr'><strong>Baalis</strong></span> <span class='ocrx_word' id='word_1_405' title='bbox 1676 2199 1769 2233; x_wconf 89' lang='lat' dir='ltr'><strong>atque</strong></span> <span class='ocrx_word' id='word_1_406' title='bbox 1792 2191 1937 2223; x_wconf 87' lang='lat' dir='ltr'><strong>Astartes</strong></span> 
     </span>
     <span class='ocr_line' id='line_1_35' title="bbox 310 2245 1935 2293; baseline -0.004 -10"><span class='ocrx_word' id='word_1_407' title='bbox 310 2253 436 2293; x_wconf 84' lang='lat' dir='ltr'><strong>imago,</strong></span> <span class='ocrx_word' id='word_1_408' title='bbox 475 2260 504 2279; x_wconf 87' lang='lat' dir='ltr'><strong>v.</strong></span> <span class='ocrx_word' id='word_1_409' title='bbox 533 2250 628 2279; x_wconf 87' lang='lat' dir='ltr'><strong>inscr.</strong></span> <span class='ocrx_word' id='word_1_410' title='bbox 659 2245 810 2288; x_wconf 85' lang='lat' dir='ltr'><strong>Carthag.</strong></span> <span class='ocrx_word' id='word_1_411' title='bbox 843 2248 968 2287; x_wconf 88' lang='lat'><strong>1—3).</strong></span> <span class='ocrx_word' id='word_1_412' title='bbox 1014 2246 1174 2278; x_wconf 87' lang='lat' dir='ltr'><strong>Castellus</strong></span> <span class='ocrx_word' id='word_1_413' title='bbox 1198 2248 1236 2278; x_wconf 91' lang='lat' dir='ltr'><strong>de</strong></span> <span class='ocrx_word' id='word_1_414' title='bbox 1258 2246 1363 2278; x_wconf 89' lang='lat' dir='ltr'><strong>Turre</strong></span> <span class='ocrx_word' id='word_1_415' title='bbox 1392 2247 1501 2279; x_wconf 87' lang='lat' dir='ltr'><strong>Mucia</strong></span> <span class='ocrx_word' id='word_1_416' title='bbox 1524 2247 1621 2279; x_wconf 86' lang='lat' dir='ltr'><strong>habet</strong></span> <span class='ocrx_word' id='word_1_417' title='bbox 1642 2249 1736 2278; x_wconf 82' lang='lat' dir='ltr'><strong>etiarn</strong></span> <span class='ocrx_word' id='word_1_418' title='bbox 1761 2247 1935 2289; x_wconf 85' lang='lat' dir='ltr'><strong>bilinguem</strong></span> 
     </span>
     <span class='ocr_line' id='line_1_36' title="bbox 314 2303 1936 2346; baseline -0.004 -7"><span class='ocrx_word' id='word_1_419' title='bbox 314 2317 463 2344; x_wconf 89' lang='lat' dir='ltr'><strong>numum,</strong></span> <span class='ocrx_word' id='word_1_420' title='bbox 502 2306 534 2335; x_wconf 93' lang='lat' dir='ltr'><strong>in</strong></span> <span class='ocrx_word' id='word_1_421' title='bbox 560 2315 622 2346; x_wconf 93' lang='lat' dir='ltr'><strong>quo</strong></span> <span class='ocrx_word' id='word_1_422' title='bbox 645 2310 770 2345; x_wconf 85' lang='lat' dir='ltr'><strong>praeter</strong></span> <span class='ocrx_word' id='word_1_423' title='bbox 792 2303 946 2333; x_wconf 86' lang='lat' dir='ltr'><strong>Punicam</strong></span> <span class='ocrx_word' id='word_1_424' title='bbox 971 2304 1214 2345; x_wconf 86' lang='lat' dir='ltr'><strong>inscriptionem</strong></span> <span class='ocrx_word' id='word_1_425' title='bbox 1241 2310 1290 2334; x_wconf 85' lang='lat' dir='ltr'><strong>est</strong></span> <span class='ocrx_word' id='word_1_426' title='bbox 1312 2304 1476 2335; x_wconf 69' lang='grc' dir='ltr'><strong><em>ΚΟΣΣΥε</em></strong></span> <span class='ocrx_word' id='word_1_427' title='bbox 1513 2305 1569 2335; x_wconf 90' lang='lat' dir='ltr'><strong>sed</strong></span> <span class='ocrx_word' id='word_1_428' title='bbox 1593 2305 1632 2335; x_wconf 91' lang='lat' dir='ltr'><strong>de</strong></span> <span class='ocrx_word' id='word_1_429' title='bbox 1656 2305 1845 2334; x_wconf 82' lang='lat' dir='ltr'><strong>anctoritate</strong></span> <span class='ocrx_word' id='word_1_430' title='bbox 1868 2303 1936 2332; x_wconf 86' lang='lat' dir='ltr'><strong>eius</strong></span> 
     </span>
     <span class='ocr_line' id='line_1_37' title="bbox 312 2351 1551 2401; baseline -0.004 -6"><span class='ocrx_word' id='word_1_431' title='bbox 312 2351 502 2400; x_wconf 75' lang='lat' dir='ltr'><strong>subdubito,</strong></span> <span class='ocrx_word' id='word_1_432' title='bbox 534 2371 656 2391; x_wconf 84' lang='lat' dir='ltr'><strong>memor</strong></span> <span class='ocrx_word' id='word_1_433' title='bbox 677 2370 804 2397; x_wconf 90' lang='lat' dir='ltr'><strong>eorum,</strong></span> <span class='ocrx_word' id='word_1_434' title='bbox 836 2370 917 2401; x_wconf 91' lang='lat' dir='ltr'><strong>quae</strong></span> <span class='ocrx_word' id='word_1_435' title='bbox 941 2367 1049 2390; x_wconf 86' lang='lat' dir='ltr'><strong>narrat</strong></span> <span class='ocrx_word' id='word_1_436' title='bbox 1070 2358 1246 2391; x_wconf 87' lang='lat' dir='ltr'><strong>Eckhelius</strong></span> <span class='ocrx_word' id='word_1_437' title='bbox 1271 2359 1330 2401; x_wconf 92' lang='lat' dir='ltr'><strong>(D.</strong></span> <span class='ocrx_word' id='word_1_438' title='bbox 1350 2359 1391 2391; x_wconf 87' lang='lat' dir='ltr'><strong>N.</strong></span> <span class='ocrx_word' id='word_1_439' title='bbox 1415 2360 1440 2398; x_wconf 94' lang='grc' dir='ltr'><strong>Ι,</strong></span> <span class='ocrx_word' id='word_1_440' title='bbox 1457 2362 1551 2401; x_wconf 84' lang='lat'>259).</span> 
     </span>
    </p>
   </div>
   <div class='ocr_carea' id='block_1_6' title="bbox 312 2429 1937 2687">
    <p class='ocr_par' dir='ltr' id='par_1_6' title="bbox 312 2429 1937 2641">
     <span class='ocr_line' id='line_1_38' title="bbox 441 2429 1935 2472; baseline -0.004 -9"><span class='ocrx_word' id='word_1_441' title='bbox 441 2436 470 2463; x_wconf 86' lang='lat'><strong>2.</strong></span> <span class='ocrx_word' id='word_1_442' title='bbox 516 2431 664 2462; x_wconf 83' lang='lat' dir='ltr'><strong>Secunda</strong></span> <span class='ocrx_word' id='word_1_443' title='bbox 693 2429 805 2461; x_wconf 82' lang='lat' dir='ltr'><strong>classis</strong></span> <span class='ocrx_word' id='word_1_444' title='bbox 836 2436 901 2459; x_wconf 87' lang='lat' dir='ltr'><strong>tum</strong></span> <span class='ocrx_word' id='word_1_445' title='bbox 932 2436 1007 2471; x_wconf 78' lang='lat' dir='ltr'><strong>typo</strong></span> <span class='ocrx_word' id='word_1_446' title='bbox 1037 2429 1144 2461; x_wconf 85' lang='lat' dir='ltr'><strong>differt</strong></span> <span class='ocrx_word' id='word_1_447' title='bbox 1173 2440 1191 2460; x_wconf 87' lang='lat' dir='ltr'><strong>a</strong></span> <span class='ocrx_word' id='word_1_448' title='bbox 1221 2431 1344 2472; x_wconf 90' lang='lat' dir='ltr'><strong>priore,</strong></span> <span class='ocrx_word' id='word_1_449' title='bbox 1382 2436 1448 2460; x_wconf 83' lang='lat' dir='ltr'><strong>turn</strong></span> <span class='ocrx_word' id='word_1_450' title='bbox 1479 2429 1673 2471; x_wconf 86' lang='lat' dir='ltr'><strong>epigrapha,</strong></span> <span class='ocrx_word' id='word_1_451' title='bbox 1712 2440 1791 2472; x_wconf 90' lang='lat' dir='ltr'><strong>quae</strong></span> <span class='ocrx_word' id='word_1_452' title='bbox 1824 2429 1935 2469; x_wconf 83' lang='lat' dir='ltr'><strong>partim</strong></span> 
     </span>
     <span class='ocr_line' id='line_1_39' title="bbox 316 2483 1937 2528; baseline -0.004 -8"><span class='ocrx_word' id='word_1_453' title='bbox 316 2489 417 2521; x_wconf 86' lang='lat' dir='ltr'><strong>tribus</strong></span> <span class='ocrx_word' id='word_1_454' title='bbox 448 2488 535 2519; x_wconf 81' lang='lat' dir='ltr'><strong>cifris</strong></span> <span class='ocrx_word' id='word_1_455' title='bbox 566 2494 677 2524; x_wconf 82' lang='lat' dir='ltr'><strong>aucta,</strong></span> <span class='ocrx_word' id='word_1_456' title='bbox 717 2487 830 2528; x_wconf 79' lang='lat' dir='ltr'><strong>partini</strong></span> <span class='ocrx_word' id='word_1_457' title='bbox 870 2484 1085 2528; x_wconf 84' lang='lat' dir='ltr'><strong>negligentius</strong></span> <span class='ocrx_word' id='word_1_458' title='bbox 1108 2488 1225 2528; x_wconf 85' lang='lat' dir='ltr'><strong>scripta</strong></span> <span class='ocrx_word' id='word_1_459' title='bbox 1249 2493 1314 2524; x_wconf 85' lang='lat' dir='ltr'><strong>est,</strong></span> <span class='ocrx_word' id='word_1_460' title='bbox 1345 2493 1377 2517; x_wconf 88' lang='lat' dir='ltr'><strong>et</strong></span> <span class='ocrx_word' id='word_1_461' title='bbox 1397 2487 1459 2523; x_wconf 86' lang='lat' dir='ltr'><strong>ita,</strong></span> <span class='ocrx_word' id='word_1_462' title='bbox 1500 2493 1533 2516; x_wconf 90' lang='lat' dir='ltr'><strong>ut</strong></span> <span class='ocrx_word' id='word_1_463' title='bbox 1556 2484 1731 2516; x_wconf 84' lang='lat' dir='ltr'><strong>litterarum</strong></span> <span class='ocrx_word' id='word_1_464' title='bbox 1756 2484 1877 2526; x_wconf 85' lang='lat' dir='ltr'><strong>figurae</strong></span> <span class='ocrx_word' id='word_1_465' title='bbox 1898 2483 1937 2513; x_wconf 88' lang='lat' dir='ltr'><strong>ad</strong></span> 
     </span>
     <span class='ocr_line' id='line_1_40' title="bbox 312 2541 1935 2586; baseline -0.004 -10"><span class='ocrx_word' id='word_1_466' title='bbox 312 2546 497 2586; x_wconf 82' lang='lat' dir='ltr'><strong>scripturam</strong></span> <span class='ocrx_word' id='word_1_467' title='bbox 528 2543 677 2574; x_wconf 85' lang='lat' dir='ltr'><strong>Punicam</strong></span> <span class='ocrx_word' id='word_1_468' title='bbox 708 2543 918 2573; x_wconf 88' lang='lat' dir='ltr'><strong>recentiorem</strong></span> <span class='ocrx_word' id='word_1_469' title='bbox 947 2553 974 2572; x_wconf 81' lang='grc'><strong>5.</strong></span> <span class='ocrx_word' id='word_1_470' title='bbox 1006 2541 1208 2573; x_wconf 78' lang='lat' dir='ltr'><strong>Numidicam</strong></span> <span class='ocrx_word' id='word_1_471' title='bbox 1241 2543 1370 2584; x_wconf 86' lang='lat' dir='ltr'><strong>propius</strong></span> <span class='ocrx_word' id='word_1_472' title='bbox 1401 2542 1571 2572; x_wconf 83' lang='lat' dir='ltr'><strong>accedant:</strong></span> <span class='ocrx_word' id='word_1_473' title='bbox 1608 2543 1690 2573; x_wconf 87' lang='lat' dir='ltr'><strong>unde</strong></span> <span class='ocrx_word' id='word_1_474' title='bbox 1720 2542 1935 2581; x_wconf 85' lang='lat' dir='ltr'><strong>consequitur,</strong></span> 
     </span>
     <span class='ocr_line' id='line_1_41' title="bbox 315 2597 1268 2641; baseline -0.001 -10"><span class='ocrx_word' id='word_1_475' title='bbox 315 2601 410 2632; x_wconf 89' lang='grc'><strong>11111115</strong></span> <span class='ocrx_word' id='word_1_476' title='bbox 433 2599 544 2631; x_wconf 81' lang='lat' dir='ltr'><strong>classis</strong></span> <span class='ocrx_word' id='word_1_477' title='bbox 563 2599 709 2641; x_wconf 86' lang='lat' dir='ltr'><strong>exempla</strong></span> <span class='ocrx_word' id='word_1_478' title='bbox 732 2601 838 2641; x_wconf 82' lang='lat' dir='ltr'><strong>priore</strong></span> <span class='ocrx_word' id='word_1_479' title='bbox 859 2597 960 2630; x_wconf 84' lang='lat' dir='ltr'><strong>classe</strong></span> <span class='ocrx_word' id='word_1_480' title='bbox 985 2601 1164 2630; x_wconf 88' lang='lat' dir='ltr'><strong>recentiora</strong></span> <span class='ocrx_word' id='word_1_481' title='bbox 1187 2610 1268 2631; x_wconf 87' lang='lat' dir='ltr'><strong>esse.</strong></span> 
     </span>
    </p>

    <p class='ocr_par' dir='ltr' id='par_1_7' title="bbox 874 2656 1555 2687">
     <span class='ocr_line' id='line_1_42' title="bbox 874 2656 1555 2687; baseline -0.006 -6"><span class='ocrx_word' id='word_1_482' title='bbox 874 2662 889 2681; x_wconf 71' lang='grc' dir='ltr'><strong><em>ο</em></strong></span> <span class='ocrx_word' id='word_1_483' title='bbox 1471 2659 1510 2687; x_wconf 79' lang='lat'><strong>33</strong></span> <span class='ocrx_word' id='word_1_484' title='bbox 1535 2656 1555 2677; x_wconf 58' lang='lat'><strong>³*</strong></span> 
     </span>
    </p>
   </div>
  </div>
 </body>
</html>
