2242 2976
440 265 782 300 INSCRIPTIONES
804 263 1098 299 MELITENSES.
1141 263 1194 319 ΙΙ(
1208 263 1478 297 MELI'I'ENSIS
1502 263 1694 298 ALTERA.
1810 267 1880 303 103

258 360 401 394 Omnino
423 368 529 393 autem
551 362 633 393 dnae
655 363 858 404 potissimum
878 359 1006 391 litterae
1022 360 1056 391 in
1069 359 1132 391 hoe
1142 358 1240 391 titulo
1254 366 1431 391 memoratu
1453 359 1570 403 dignae
1593 366 1682 391 sunt:
1708 360 1741 401 1)
1759 360 1878 398 Revela,

257 420 347 451 euius
369 417 487 450 collum
502 418 621 461 ubique
638 418 762 450 duabus
774 417 870 450 lineis
884 423 1028 455 constat,
1052 423 1144 458 caput
1161 424 1388 457 nonnunquam
1412 415 1487 458 (lin.
1501 419 1531 448 3.
1545 416 1587 457 4)
1611 407 1794 459 depressum
1819 424 1879 454 est,

257 482 291 506 ut
312 475 353 506 ad
374 485 446 505 eam
468 474 603 506 formam
626 485 725 517 prope
747 475 893 513 accedat,
934 484 1017 516 quae
1049 474 1082 504 in
1108 474 1486 515 ammireo-aegyptiacis
1516 479 1549 504 et
1570 472 1732 504 nonnullis
1756 472 1882 514 Palmy·

257 532 344 562 renis
376 538 441 568 est3
477 534 511 571 2)
534 531 608 569 He,
645 531 729 573 quod
757 541 840 562 vers.
861 534 881 562 2
903 537 952 561 ter
981 529 1041 561 tibi
1071 530 1226 567 occurrit,
1264 535 1296 559 et
1318 530 1363 560 ita
1384 528 1501 560 lectum
1524 536 1574 561 est
1595 529 1635 561 ab
1654 529 1880 571 interpretibus

259 588 381 619 cunctis
403 594 530 629 praeter
544 586 780 628 Tyehsenium,
809 588 860 618 cui
880 586 960 617 haec
980 583 1087 617 littera
1108 585 1176 633 Jmlv
1196 592 1255 616 est.
1298 584 1403 623 Quam
1429 586 1556 627 quidem
1578 595 1706 617 cansam
1730 587 1783 628 qui
1805 585 1884 618 solis

259 643 533 686 palaeographicis
556 642 736 675 rationibus
759 643 935 674 diiudicare
956 641 1052 681 velit,
1083 643 1117 673 in
1142 640 1319 683 Tychsenii
1336 642 1526 673 sententiam
1547 642 1641 673 facile
1661 642 1883 679 inclinaverim

260 708 369 732 nostra
383 701 469 731 enim
487 699 592 742 figura
607 699 702 731 facile
722 701 798 731 oriri
811 706 933 742 poterat
951 710 992 731 ex
1011 698 1085 738 illa,
1109 709 1204 741 quam
1222 697 1283 729 Jod
1307 697 1405 729 habet
1426 698 1459 728 in
1477 696 1640 729 Melitensi
1661 700 1772 740 prima.
1817 699 1883 731 Sed

260 756 334 788 hnic
351 755 547 788 simillimam
561 754 698 798 figuram
713 755 811 787 habet
823 758 920 787 etiam
930 756 985 788 He
998 757 1031 787 in
1048 757 1204 797 scriptura
1216 755 1582 797 mamaea-aegyptiaca
1597 761 1629 785 et
1642 755 1675 785 in
1685 754 1884 796 Palmyrenis

259 812 413 844 Romani·
435 813 447 854 (
457 812 542 844 unde
558 813 591 843 in
612 813 768 854 scriptura
783 812 973 855 quadrata):
1004 812 1097 854 eique
1118 811 1245 842 litterae
1263 812 1356 842 unice
1373 811 1460 842 favet
1474 810 1644 842 verborum
1661 812 1753 842 ratio.

388 881 418 909 2.
463 875 529 914 Qui
558 877 678 919 primns
711 879 852 909 omnium
882 876 966 907 hano
994 876 1234 917 inscriptionem
1257 883 1428 914 memorat,
1462 874 1708 916 Barthelemyus
1730 874 1886 918 (Journal

259 934 315 965 des
346 933 470 964 Savans
502 935 601 972 1761,
633 934 716 965 suite
746 934 785 965 de
813 933 891 965 Dec.
924 944 954 975 p.
975 933 1038 974 84)
1068 931 1338 964 delineationibus
1368 933 1504 974 acceptis
1533 938 1567 962 ut
1591 933 1716 963 videtur
1737 931 1883 964 diffidens

258 990 383 1031 sibique
404 990 466 1031 ipsi
488 1000 552 1020 non
575 989 795 1027 satisfaciens,
823 989 864 1020 ab
886 989 1150 1030 interpretatione
1173 989 1243 1019 eius
1266 987 1420 1019 abstinuit
1434 994 1528 1030 atque
1544 989 1577 1019 in
1594 987 1708 1020 litteris
1726 996 1883 1031 utcunque

260 1045 451 1077 definiendis
473 1046 643 1087 acquievit.
689 1046 741 1077 Ex
763 1033 951 1088 alphabeto,
980 1045 1065 1087 quod
1088 1055 1130 1076 ex
1148 1055 1187 1076 ea
1203 1045 1381 1086 composuit
1392 1043 1448 1082 Β.,
1470 1043 1530 1075 hoc
1547 1051 1717 1076 annotasse
1734 1044 1881 1083 sufficiat,

259 1131 396 1164 litteram
442 1122 510 1174 ΓΙὙ
554 1137 603 1162 ter
639 1130 767 1164 obviam
794 1130 852 1162 lin.
875 1134 895 1162 2
923 1131 954 1161 ei
986 1130 1088 1161 visam
1117 1139 1189 1161 esse
1221 1128 1294 1168 He,
1334 1127 1393 1161 litt.
1423 1132 1442 1161 3
1469 1128 1526 1161 lin.
1559 1131 1578 1160 3
1619 1129 1706 1167 Vav,
1745 1128 1883 1161 litteram

260 1225 425 1255 minimam
439 1225 523 1256 inter
539 1230 708 1266 utrumque
724 1223 777 1254 He
794 1222 850 1254 lin.
869 1227 889 1255 2
903 1221 987 1261 Jod,
1010 1223 1094 1265 quod
1111 1223 1238 1264 quidem
1253 1228 1447 1264 postremum
1464 1224 1521 1254 vix
1536 1222 1714 1255 ferendum.
1759 1221 1884 1253 Maiore

262 1291 347 1311 nunc
368 1281 495 1323 quidem
517 1291 667 1312 successu
687 1290 764 1312 usus
788 1287 838 1312 est
857 1279 1014 1311 Swm’rou
1036 1278 1057 1310 l.
1081 1290 1107 1312 c.
1120 1301 1130 1317 ‚
1162 1280 1216 1321 qui
1238 1280 1397 1321 integram
1419 1280 1659 1321 inscriptionem
1681 1280 1725 1310 ita
1746 1278 1825 1321 legit
1854 1286 1885 1328 et

261 1338 505 1378 interpretatur:

850 1379 920 1412 5:⁹2:
943 1386 1011 1422 -iap
1035 1378 1097 1411 aba
1119 1388 1163 1411 na
1186 1386 1255 1412 -ντπ

895 1443 973 1469 -nn
996 1442 1062 1469 ι-ιτπ
1084 1435 1172 1469 obn:
1195 1443 1256 1478 rip:

888 1499 978 1526 -===-1
1001 1500 1075 1524 nw:
1099 1499 1142 1526 ns
1166 1500 1210 1536 ηπ
1235 1497 1254 1524 n

1004 1548 1139 1597 ΝἹΒκι-,ῑι
1159 1556 1194 1589 ῑτι
1218 1549 1260 1582 ba

469 1603 639 1636 Penetrale
660 1605 774 1637 domus
795 1602 896 1636 seculi
917 1603 1098 1646 sepulcrum
1122 1604 1258 1646 depositi

471 1659 549 1692 clari
572 1662 674 1702 (viri)
696 1660 1024 1693 consummationibus
1047 1661 1091 1700 (i.
1107 1671 1134 1691 e.
1159 1660 1310 1700 omnino)
1334 1659 1530 1692 dormientis.
1575 1658 1657 1691 Dili-

467 1718 683 1759 gens-(eum)
704 1724 881 1749 commotus
903 1723 952 1748 est
975 1715 1129 1759 populus,
1159 1727 1256 1759 quum
1279 1724 1452 1759 poneretur
1473 1715 1702 1759 (sepeliretur)
1726 1715 1850 1747 Hanni-

468 1772 523 1804 bal
544 1773 632 1805 filius
655 1773 845 1805 Barmeleci.

261 1827 468 1871 Singularum
489 1829 669 1861 litterarum
684 1836 872 1872 potestatem
894 1830 923 1860 is
947 1839 998 1860 me
1019 1829 1124 1860 iudice
1146 1835 1232 1861 recte
1255 1828 1418 1868 definivit,
1447 1837 1533 1862 recte
1556 1832 1651 1861 etiam
1674 1829 1714 1861 ab
1737 1831 1829 1861 initio
1852 1837 1884 1861 et

261 1884 321 1916 snb
335 1884 433 1917 finem
450 1885 577 1928 singula
593 1886 691 1917 verba
705 1893 737 1917 et
751 1886 864 1917 dividit
877 1892 909 1917 et
922 1886 1147 1927 interpretatus
1161 1892 1224 1917 est:
1240 1887 1273 1917 in
1290 1886 1397 1917 media
1408 1892 1530 1918 tantum
1544 1893 1634 1928 parte
1646 1886 1882 1928 interpretanda

262 1948 294 1972 et
322 1942 355 1972 in
387 1943 484 1974 totius
511 1943 729 1985 inscriptionis
758 1949 870 1973 tenore
897 1942 1070 1973 indicando
1100 1953 1213 1984 parum
1240 1941 1377 1974 feliciter
1405 1950 1550 1974 versatus
1579 1949 1636 1974 est.
1682 1942 1755 1974 Non
1780 1944 1883 1985 magis

262 2005 367 2029 tamen
398 1999 601 2030 satisfaciunt
630 2000 810 2042 quicunque
836 2005 907 2040 post
935 1997 1136 2029 Swintonem
1163 1998 1249 2030 hunc
1275 1997 1403 2030 titulum
1433 2006 1625 2037 tractarunt,
1666 1998 1754 2030 velut
1779 2000 1814 2030 0.
1841 1999 1880 2031 G.

268 2054 429 2096 Tycham,
452 2055 625 2097 Koppim,
649 2055 905 2093 Drummondue,
929 2064 1040 2085 omnes
1062 2065 1101 2086 eo
1123 2055 1265 2086 maxime
1280 2057 1409 2087 nomine
1429 2055 1701 2098 reprehendendi,
1725 2057 1808 2098 quod
1827 2055 1882 2087 alii

262 2109 341 2142 alias
374 2110 496 2142 litteras
525 2123 544 2143 a
574 2111 739 2143 Swintone
768 2112 846 2142 satis
875 2110 957 2142 bene
986 2109 1137 2142 definitas
1172 2111 1206 2142 in
1239 2110 1336 2144 aliam
1364 2118 1555 2154 potestatem
1584 2113 1782 2155 detorquent.
1836 2111 1883 2143 Ac

262 2166 477 2199 Tvcflsamus
501 2169 553 2209 (in
577 2169 668 2200 Actis
691 2167 801 2210 Vpsal.
825 2166 899 2198 Vol.
922 2166 1020 2208 VII.)
1044 2167 1171 2209 quidem
1193 2169 1241 2199 ita
1259 2167 1358 2210 legit:

850 2225 920 2259 5:⁹2:
943 2231 1011 2266 nup
1036 2224 1142 2257 zaban:
1166 2234 1234 2257 -π-ιη

938 2288 983 2323 ¹¹17.
1005 2289 1051 2312 *ew
1073 2282 1162 2314 n':::
1186 2291 1234 2323 qp:

939 2344 998 2370 :un
1020 2342 1112 2383 :75:373
1137 2346 1231 2370 &ts-«72

1006 2394 1117 2435 'Thana
1140 2403 1175 2435 3:
1197 2395 1238 2428 ba

557 2448 718 2481 Conclave
739 2450 772 2481 in
796 2448 984 2481 abscondito
1007 2456 1057 2481 est
1077 2449 1269 2492 sepulerum.
1314 2449 1486 2493 Depositus
1510 2452 1570 2483 fuit

555 2518 653 2549 purus
676 2513 895 2538 consummata
914 2517 973 2538 sua
996 2507 1241 2549 pulchritudine.
1286 2505 1378 2539 Odor
1509 2495 1511 2498 ι

554 2562 798 2595 refocillationis
820 2573 838 2594 e
862 2563 984 2595 tumulo
1007 2564 1133 2596 Hanni—

555 2619 638 2651 balis
659 2619 720 2651 filii
742 2619 942 2651 Barmelech.
