2242 2976
619 294 736 327 NUMI
758 293 1010 327 PHOENICES
1033 293 1260 326 PROPRIAE.
1303 292 1343 325 11.
1368 290 1516 325 SIDON.
1806 293 1881 330 265

236 409 239 412 κ
256 388 396 421 Dmetr.
414 388 446 420 II
467 394 499 420 et
514 381 664 420 Antiochi
682 388 760 420 VIII
781 390 877 420 etiam
899 387 1100 420 ΣΙΛΩΝΟΣ
1123 387 1247 419 ΘΕΑΣ
1267 386 1315 418 vel
1339 386 1455 419 ΣῙΔΩ.
1483 385 1611 417 ΘΕΑΣ.
1655 383 1750 416 Infra*
1756 383 1881 416 litterae

258 447 357 480 οτι-125
381 444 473 487 (ra'ro
497 444 672 487 epigraphe
695 452 843 488 quattuor
866 455 1015 476 versuum
1026 444 1049 486 ).

385 503 658 533 Autonomorum:

260 557 369 600 Caput
390 558 546 596 muliebre
569 559 710 590 velatum
732 561 886 589 turritum
905 557 951 589 ad
963 557 1011 595 d.,-
1040 557 1102 588 duo
1123 559 1237 599 capita
1255 559 1393 598 iugata,
1418 556 1556 587 alterum
1581 556 1679 587 virile
1701 554 1880 594 barbatum,

257 615 396 646 alterum
413 614 571 647 muliebre
592 616 734 646 velat-um
756 618 789 646 et
813 617 968 645 turritum
975 625 986 651 ,-
1018 617 1117 655 caput
1138 613 1231 645 Iovis
1253 613 1436 644 laureatum
1443 624 1454 649 ,-
1490 616 1589 653 caput
1612 611 1739 643 Baccha·
1758 611 1881 644 hedera

257 675 455 703 coronatum.
495 671 520 712 )(
571 671 713 702 Eaedem
748 671 927 712 imagines,
965 680 1046 712 quae
1075 671 1108 701 in
1138 671 1254 712 regiis,
1289 675 1455 711 praeterea
1486 669 1583 699 etiam
1614 668 1763 700 Bacchus
1791 673 1883 700 niam

255 729 448 759 vestimento
469 727 567 769 longo
589 727 742 764 indutum
786 727 933 759 Victoria
953 729 990 758 in
1013 736 1118 768 prora
1141 729 1236 757 navis
1264 730 1374 763 stau&-
1413 725 1506 758 Cirta
1528 727 1663 765 mystica
1685 729 1718 756 et
1741 724 1881 765 thyreum

257 782 377 825 Supra:
414 783 634 815 ΣΙΔΩΝΙΩΝ
656 782 697 814 al.
720 783 922 815 ΣΙΔΩΝΟΣ
952 783 1074 815 ΘΕΑΣ
1093 781 1132 814 al.
1153 782 1367 819 ΣΙΔΩΝΟΣ,
1397 782 1483 813 infra
1504 783 1603 816 0273&
1628 789 1660 813 et
1682 782 1760 825 ¹1an
1789 782 1882 822 (raro

256 838 431 882 epigraphe
450 843 471 871 4
491 833 672 881 versuum).
718 839 938 882 Epigraplzae
960 840 1061 882 igitur
1083 838 1286 870 Phoeniciae
1308 839 1368 877 hae
1393 845 1486 870 sunt:

385 914 415 943 1.
466 894 600 941 0373&
632 911 773 959 (ῠξῆλζξ)
799 909 1027 949 Sidoniorum,
1059 912 1150 942 vario
1173 911 1267 942 modo
1290 912 1461 953 scriptum,
1492 912 1524 942 in
1549 911 1646 953 regiis
1669 917 1701 942 et
1723 894 1882 953 antiquio-

256 965 347 998 ribus
368 969 567 1005 accuratius,
592 967 806 1010 negligentius
823 968 856 998 in
875 968 1058 998 autonomis
1080 974 1112 998 et
1133 967 1386 1005 recentioribus,
1410 967 1444 998 id
1466 968 1548 1009 quod
1573 973 1752 999 monstrant
1773 967 1881 998 variae

255 1024 325 1054 eius
347 1023 537 1065 epigraphes
560 1022 708 1064 exempla
737 1022 851 1053 A-L
874 1033 916 1053 ex
939 1033 1037 1064 opere
1059 1022 1282 1054 Mionnetiano
1305 1024 1420 1064 petita,
1451 1034 1630 1066 quanquam
1654 1025 1693 1056 de
1717 1023 1882 1055 nonnullis

254 1078 370 1110 litteris
391 1079 441 1120 (v.
463 1090 491 1111 c.
514 1078 594 1111 Nun
615 1080 648 1110 in
671 1077 733 1109 litt.
757 1077 808 1116 D,
837 1076 931 1110 Zade
952 1079 985 1109 in
1007 1077 1067 1109 litt.
1090 1078 1143 1115 Κ)
1166 1078 1397 1110 dubitaverim:
1432 1078 1604 1111 facillimus
1628 1082 1714 1111 enim
1737 1091 1826 1112 error
1848 1082 1881 1111 in

256 1135 307 1167 his
336 1137 444 1167 nnmis
473 1135 557 1166 male
587 1136 785 1167 conservatis
815 1141 846 1166 et
869 1133 963 1166 valde
993 1134 1128 1166 detritis.
1177 1133 1225 1166 Ac
1254 1133 1314 1166 litt.
1344 1134 1374 1165 A
1403 1142 1452 1166 est
1478 1136 1512 1166 in
1543 1137 1649 1168 numis
1671 1136 1831 1168 Demetrii
1854 1135 1880 1174 I,

254 1190 414 1223 Demetrii
434 1190 486 1230 II,
518 1190 699 1224 Alexandri
721 1190 821 1222 Baiae
844 1197 876 1222 et
892 1192 1072 1222 autonomis
1093 1201 1248 1222 annorum
1271 1193 1323 1223 60.
1346 1193 1405 1230 73,
1436 1190 1499 1223 litt.
1512 1190 1541 1225 B
1556 1193 1590 1224 in
1606 1194 1711 1224 numis
1726 1192 1880 1224 Antiochi

257 1247 312 1279 IV.
336 1247 409 1283 VII.
431 1247 529 1287 VIII,
560 1247 701 1291 reliquae
724 1249 757 1279 in
781 1248 980 1286 autonomis,
1016 1255 1048 1278 et
1074 1246 1136 1278 litt.
1168 1247 1296 1289 quidem
1325 1245 1362 1278 C.
1385 1246 1416 1278 D
1447 1248 1480 1278 in
1506 1259 1603 1279 numo
1625 1250 1700 1280 anni
1722 1251 1742 1280 9
1764 1256 1795 1280 et
1817 1248 1881 1281 alio

255 1305 327 1336 sine
348 1314 440 1335 -anno
468 1303 615 1347 (Mionn.
646 1303 679 1335 V
709 1316 742 1346 p.
764 1307 837 1336 369.
861 1304 961 1345 370),
998 1302 1058 1335 litt.
1080 1304 1106 1335 E
1138 1305 1214 1335 anni
1237 1307 1285 1335 21.
1308 1303 1367 1342 23,
1404 1302 1465 1335 litt.
1497 1303 1532 1335 F.
1560 1305 1636 1336 anni
1667 1307 1726 1343 22,
1762 1304 1822 1337 litt.
1852 1304 1881 1336 G

257 1361 334 1393 anni
354 1363 403 1392 21.
423 1363 484 1399 23,
522 1360 582 1394 litt.
606 1359 621 1392 I
650 1371 807 1392 annorum
829 1363 881 1392 33.
904 1363 955 1392 34.
978 1362 1038 1398 60,
1074 1359 1134 1391 litt.
1157 1359 1198 1391 K.
1219 1360 1248 1391 L
1271 1370 1428 1391 annorum
1448 1362 1500 1392 49.
1525 1362 1575 1391 52.
1626 1359 1677 1391 De
1706 1361 1880 1403 epigraphe

256 1415 315 1448 litt.
338 1416 364 1448 F
387 1423 418 1448 et
438 1417 467 1449 L
489 1417 664 1448 notandum
685 1423 744 1456 est,
773 1416 897 1455 litteras
919 1418 988 1449 eins
1007 1423 1136 1459 propter
1153 1416 1290 1457 spatium
1307 1417 1463 1458 exiguum
1477 1422 1509 1447 et
1524 1416 1705 1459 depressius
1722 1417 1755 1447 in
1768 1416 1881 1449 infimo

256 1483 354 1505 numo
382 1472 521 1516 figuram
550 1473 669 1505 habere
698 1472 935 1504 inclinatiorem
965 1479 996 1504 et
1026 1473 1094 1504 fere
1124 1474 1297 1510 iacentem,
1334 1482 1397 1514 qua
1424 1473 1464 1504 de
1495 1483 1530 1504 re
1557 1484 1653 1514 supra
1682 1473 1800 1504 dictum
1830 1480 1880 1505 est

256 1540 330 1572 pag.
343 1532 394 1562 18.
437 1529 563 1561 Numus
583 1531 708 1572 integer
729 1528 788 1561 litt.
812 1528 849 1560 M
870 1535 920 1560 est
943 1539 985 1560 ex
1008 1530 1206 1567 autonomis‚
1237 1539 1267 1559 v.
1289 1528 1390 1560 Mem.
1412 1528 1453 1560 de
1474 1529 1607 1561 l’acad.
1632 1529 1740 1561 XXX
1760 1540 1792 1571 p.
1806 1532 1880 1561 427.

386 1607 417 1633 2,
470 1584 574 1645 '5735
604 1600 724 1650 (Τ-ιᾰζξ)
748 1600 894 1640 Sidonis,
916 1602 950 1632 in
973 1601 1156 1631 antonomis
1177 1600 1423 1638 recentissimis,
1445 1601 1480 1631 u't
1500 1591 1559 1632 litt.
1582 1600 1607 1632 P
1630 1601 1663 1632 in
1687 1612 1782 1632 numo
1806 1603 1882 1632 anni

260 1660 339 1698 155,
369 1657 432 1689 litt.
455 1657 486 1695 Q
508 1659 586 1689 anni
608 1660 688 1696 166,
717 1657 778 1689 litt.
801 1657 830 1688 R
851 1658 927 1688 anni
950 1659 1021 1689 169.
1065 1656 1230 1698 Integrum
1251 1667 1383 1687 numum
1407 1655 1466 1688 litt.
1490 1656 1513 1688 S
1544 1658 1689 1689 dedimus
1720 1668 1762 1689 ex
1780 1657 1880 1689 Mem.

260 1715 301 1747 de
323 1714 456 1746 l’acad.
478 1713 500 1746 l.
522 1725 550 1745 c.
572 1732 615 1738 -—
659 1714 721 1746 His
744 1714 899 1745 accedunt

389 1774 474 1817 3.'4.
503 1786 606 1824 duae,
643 1790 738 1827 quae*
752 1786 921 1817 admodum
945 1784 1061 1816 dubiae
1091 1785 1288 1816 auctoritatis
1317 1791 1406 1816 sunt:
1439 1765 1560 1827 1³73&
1590 1785 1726 1834 (ἶς’-ιι·ςξ)
1762 1784 1821 1817 litt.
1851 1783 1883 1817 N

260 1844 293 1874 in
322 1853 418 1873 numo
449 1841 607 1873 Demetrii
635 1841 796 1883 111>.apud
824 1841 998 1882 Haymium
1027 1842 1060 1872 in
1090 1840 1169 1873 thes.
1199 1840 1279 1872 Brit.
1310 1840 1374 1872 tab.
1406 1841 1460 1879 X,
1484 1844 1522 1880 2,
1558 1842 1615 1873 sed
1652 1842 1707 1873 vix
1738 1847 1884 1873 accurate

260 1902 405 1943 depicto,
437 1906 469 1930 et
499 1882 620 1932 '3²72'ss
643 1899 703 1930 litt.
722 1898 752 1930 Ο
775 1900 809 1930 in
831 1906 1004 1931 autonomo
1030 1900 1106 1930 anni
1122 1902 1164 1930 40
1180 1900 1272 1941 apud
1294 1898 1496 1930 Mionnetum
1521 1898 1565 1942 pl.
1582 1902 1622 1935 24
1644 1910 1696 1930 no.
1711 1902 1767 1941 512,
1792 1900 1883 1931 cuius

259 1956 366 2000 figura
396 1966 463 1988 non
496 1957 602 1988 minus
632 1955 730 1988 dubia
761 1962 828 1995 est,
866 1966 895 1987 v.
927 1966 1008 1998 quae
1037 1956 1266 1998 disputavimus
1294 1966 1365 1998 pag.
1389 1958 1441 1988 31.
1464 1958 1515 1987 32.
1566 1954 1640 1987 Non
1665 1954 1755 1998 parv‘i
1776 1963 1883 1987 autem

261 2012 438 2045 moliminis
461 2019 510 2045 est

390 2085 420 2115 5.
456 2085 630 2125 inem-iptio
660 2087 816 2125 quattuor
844 2093 1010 2121 vermum,
1046 2093 1127 2124 quae
1156 2083 1312 2124 reperitur
1340 2083 1455 2125 partim
1483 2083 1516 2113 in
1539 2084 1639 2126 regiis
1662 2080 1814 2115 Antiochi
1837 2081 1885 2113 IV

260 2139 429 2182 (Mionnet
447 2138 481 2170 V
504 2150 533 2181 p.
555 2142 617 2178 41,
645 2139 700 2170 ubi
723 2139 805 2171 male
827 2139 880 2171 hic
903 2149 1018 2170 numus
1040 2139 1080 2170 ad
1098 2138 1220 2180 Tyrum
1243 2139 1418 2180 refertur),
1449 2138 1606 2170 Demetrii
1620 2139 1636 2170 1
1661 2139 1828 2181 (Mionnet
1842 2138 1885 2176 V,

263 2207 293 2239 p.
314 2196 393 2238 47),
428 2195 586 2227 Demetrii
607 2195 655 2227 111
681 2195 875 2235 (Froehlich
906 2195 992 2227 Ann.
1016 2194 1086 2236 Syr.
1110 2194 1209 2234 VlII,
1239 2206 1291 2226 no.
1315 2196 1394 2236 30),
1430 2197 1545 2238 partim
1569 2196 1602 2227 in
1626 2195 1816 2228 autonomis'
1835 2196 1885 2236 (v.

264 2250 403 2284 Pellerin
426 2251 503 2283 Rec.
527 2251 586 2290 III,
615 2251 680 2283 tub.
705 2255 765 2284 119
789 2262 841 2284 no.
864 2254 916 2284 25.
961 2250 1069 2294 Suppl.
1090 2250 1135 2282 IV
1169 2263 1199 2294 p.
1225 2255 1296 2283 106.
1339 2251 1511 2283 Additions
1533 2263 1566 2294 p.
1587 2255 1640 2284 43.
1684 2252 1831 2284 Mionnet
1853 2250 1883 2282 V

265 2318 296 2350 p.
313 2310 385 2340 368.
409 2310 481 2340 369.
503 2319 554 2340 no.
578 2307 656 2340 204.
673 2308 826 2340 204-bis.
869 2307 1037 2350 Lindberg
1056 2306 1078 2338 l.
1093 2318 1120 2339 c.
1134 2319 1205 2351 pag.
1223 2311 1260 2340 55
1270 2311 1293 2349 ).
1337 2307 1374 2340 In
1390 2309 1530 2351 utrisque
1552 2310 1719 2351 inscriptio
1742 2317 1887 2339 aversam

267 2365 356 2395 numi
385 2371 507 2406 partem
533 2363 662 2407 implet,
701 2366 784 2396 inter
815 2365 990 2396 secundum
1022 2371 1054 2395 et
1079 2365 1205 2396 tertium
1228 2375 1356 2397 versum
1379 2371 1427 2397 est
1447 2365 1722 2408 gubernaculum:
1754 2365 1889 2395 adversa

267 2429 339 2460 pars
360 2420 393 2450 in
416 2421 516 2463 regiis
540 2420 637 2453 habet
659 2421 766 2463 Caput
787 2425 879 2464 regie
900 2420 1118 2452 diadematum
1140 2422 1180 2453 ad
1203 2421 1366 2460 dextram,
1396 2421 1633 2453 ΒΑΣΙΛΕΩΣ
1646 2421 1889 2453 ANTIOXOY

269 2475 605 2519 (AHMHTPIOY),
634 2479 667 2509 in
690 2472 887 2509 autonomis:
926 2482 1025 2519 caput
1045 2477 1201 2510 muliebre
1224 2482 1377 2511 turritum
1399 2483 1433 2510 et
1454 2479 1595 2510 velatum
1627 2479 1679 2519 (in
1703 2475 1886 2516 nonnullis)

269 2540 354 2571 pone
374 2540 474 2563 cornu
497 2537 622 2576 copiae.

396 2586 599 2633 Epigraphen
623 2592 824 2624 delinearunt
846 2589 1007 2622 Relandus
1030 2590 1168 2623 Palaest.
1192 2603 1223 2634 p.
1248 2595 1339 2623 1014.
1384 2590 1530 2622 Vaillant
1553 2602 1619 2633 reg.
1637 2590 1748 2630 Syriae
1773 2599 1801 2629 p.
1820 2589 1890 2620 109.

270 2639 378 2682 Haym
409 2641 488 2674 ¹¹¹⁰&
524 2648 598 2680 brit.
627 2649 691 2682 tab.
722 2651 776 2685 10,
816 2658 868 2679 no.
899 2650 927 2679 8.
971 2646 1140 2679 Froehlich
1172 2648 1236 2679 tab.
1272 2650 1309 2686 7,
1341 2658 1392 2679 no.
1419 2650 1467 2679 15.
1497 2651 1531 2685 8,
1556 2648 1606 2678 30.
1652 2644 1789 2676 Pellerin
1816 2643 1838 2675 l.
1863 2654 1890 2675 c.

1435 2709 1475 2737 34
