2242 2976
262 258 264 261 ·
319 240 658 277 INSCRIPTIONES
674 240 913 274 CITIENSES‘.
943 239 1022 273 XV.
1039 239 1134 273 XVI.
1150 239 1260 272 XVII.
1298 238 1514 272 CITIENSIS
1529 239 1620 272 VIII.
1634 238 1687 272 IX
1701 250 1744 271 ετ
1759 239 1803 272 X.
1851 243 1924 279 139

429 336 574 368 Litterae
598 344 661 369 ³127&
694 335 788 376 (nam
812 337 907 368 tertia
929 334 1037 366 littera
1058 334 1088 366 h.
1113 334 1135 366 l.
1158 341 1190 366 et
1212 333 1271 365 lin.
1288 336 1307 366 3
1330 345 1395 366 non
1418 333 1482 365 alia
1503 344 1575 366 esse
1595 341 1701 376 potest
1723 341 1817 377 atque
1840 334 1924 378 Jod)

294 393 427 424 iunctim
440 391 543 423 lectae
558 398 666 424 essent
680 394 758 435 ἠῷος
772 396 825 425 vir
846 403 872 424 s.
887 395 1025 423 maritus
1037 402 1124 423 meus
1140 398 1172 422 et
1185 391 1310 433 cippum
1325 402 1344 422 a
1358 391 1454 422 vidua
1471 391 1609 433 positum
1628 392 1843 434 designarent.
1879 391 1925 424 At

295 460 361 481 non
379 460 399 480 a
413 448 558 487 muliere,
579 449 636 480 sed
652 459 671 480 a
683 450 764 488 viro,
787 449 821 480 id
835 455 1076 480 monumentum
1089 449 1228 490 positum
1242 457 1324 486 esse,
1342 458 1383 478 ex
1398 446 1606 490 sequentibus
1621 454 1761 490 apparet.
1789 447 1925 480 Videtur

295 507 395 548 igitur
416 515 428 531 ··
452 506 627 547 scripturae
643 505 865 548 compendium
881 515 953 536 esse
968 515 1024 547 pro
1040 513 1088 537 :w
1102 503 1228 543 fes-vm,
1251 507 1419 535 senectute
1434 514 1569 546 pressus
1591 503 1644 546 (v.
1659 503 1782 546 Tripol.
1798 505 1837 546 2)
1859 504 1923 545 vel,

296 563 382 605 quod
404 561 530 600 malim,
557 569 616 603 3⁹5³
637 562 846 593 consiliarius
869 560 1041 602 (consul),
1071 564 1193 592 amicus
1215 563 1347 602 regius,
1381 560 1421 591 cf.
1445 559 1570 602 plenius
1596 566 1656 603 Vx*
1677 570 1727 595 w&
1744 560 1811 594 cit.
1828 565 1881 595 33.

424 619 636 666 ζῴης-πῃ)
658 628 752 660 quem
769 618 905 649 donavit
919 616 1044 649 Emnin
1065 618 1086 649 i.
1100 628 1129 648 e.
1146 616 1423 668 Asclepiadem-33
1453 627 1525 648 cum
1548 625 1570 650 te
1589 624 1648 648 art.
1668 629 1728 660 pro
1751 617 1876 661 vulgari
1890 626 1924 652 “.-ῐ.

295 694 389 733 Quod
410 696 554 738 sequitur
600 678 637 752 1·
664 701 713 725 est
734 695 860 736 signum
884 694 1109 732 distinctionis,
1133 693 1217 736 quod
1233 694 1340 725 statim
1356 694 1476 735 excipit
1497 703 1613 725 nomen
1637 695 1706 726 eius
1729 696 1783 738 qui
1798 693 1922 728 titulum

294 765 420 806 posuit,
450 763 596 806 praefixo
619 762 742 794 Lamed
764 761 966 794 auctoris'cf.
989 762 1030 793 ad
1056 760 1119 793 Cit.
1142 763 1170 793 3.
1185 763 1238 792 23.
1257 763 1308 793 33.

423 819 721 869 ῃξζῃ-η-ῡζῃξ)
751 817 878 851 Nomen
908 819 1076 861 proprium
1106 819 1363 852 &hm-*r-nzn
1394 815 1534 848 colorem
1568 816 1667 849 habet
1692 829 1823 860 prorsus
1853 830 1924 851 ara-

293 887 422 909 maeum
450 884 483 908 et
512 876 597 908 haud
628 878 696 908 scio
726 887 767 907 an
798 885 967 907 aramaeae
996 875 1105 917 stirpis
1134 874 1298 907 hominem
1329 873 1460 917 prodat,
1499 879 1533 905 ut
1561 874 1595 905 in
1618 873 1661 906 V.
1683 873 1723 906 T.
1754 875 1846 922 ἓξὲξ
1875 883 1924 908 est

292 944 410 965 nomen
441 932 515 974 Syri
542 932 682 964 hominis
711 943 820 974 syrum
858 931 925 963 Jes.
954 934 991 970 7,
1019 934 1048 962 8.
1107 930 1262 963 Nostrum
1294 930 1505 962 reddiderim:
1543 930 1649 963 iudex
1677 942 1703 962 s.
1724 931 1923 973 praefectus

293 991 431 1042 (fb)
463 992 643 1021 exercitur.

422 1062 495 1088 0:07
519 1054 614 1088 bubaz>
638 1052 694 1097 7³)
723 1050 850 1090 ¹Versus
876 1050 1090 1095 perdifficilis.
1136 1050 1230 1082 Prius
1259 1060 1377 1082 nomen
1407 1051 1571 1092 proprium
1592 1057 1716 1093 patrem
1743 1053 1829 1092 eius,
1870 1055 1924 1096 qui

293 1110 421 1143 titulum
441 1111 567 1154 posuit,
598 1109 790 1152 designans,
823 1119 865 1140 ex
893 1110 1076 1140 coniectura
1097 1107 1163 1150 legi
1185 1107 1281 1141 bustu>
1314 1105 1509 1149 (litterarum
1538 1105 1662 1150 figurae
1683 1108 1804 1142 ferrent
1826 1112 1922 1143 etiam

293 1169 406 1207 baba,
439 1167 550 1208 573573)
589 1166 677 1198 arab.
707 1166 813 1199 M„
842 1170 971 1197 catena.
1017 1164 1159 1207 Septima
1180 1163 1288 1195 littera
1310 1162 1395 1195 haud
1426 1162 1522 1195 dubie
1546 1174 1610 1195 non
1635 1163 1740 1196 Gimel
1763 1173 1828 1203 est,
1864 1167 1922 1199 sed

293 1225 411 1265 Waw,
449 1233 481 1257 et
509 1233 574 1258 tres
597 1235 694 1268 'quae
725 1231 903 1267 sequuntur
932 1235 1050 1256 nomen
1075 1225 1239 1266 proprium
1269 1222 1352 1255 alius
1380 1224 1443 1254 viri
1470 1223 1650 1262 continent,
1684 1226 1739 1266 qui
1762 1236 1825 1257 una
1850 1237 1921 1258 cum

297 1282 524 1314 Glaucam-di-
535 1282 652 1314 Cloeaila
673 1282 705 1313 id
731 1287 972 1313 monumentum
993 1281 1110 1323 posuit.
1155 1279 1191 1312 In
1213 1279 1275 1311 hoo
1301 1281 1440 1322 primum
1462 1280 1590 1321 signum
1608 1285 1641 1310 et
1656 1282 1784 1313 tertium
1798 1284 1922 1324 possint

294 1349 313 1370 e
336 1338 459 1370 duabus
481 1337 597 1370 litteris
621 1339 814 1379 compositae
838 1338 958 1375 videri,
997 1335 1085 1368 velut
1106 1347 1149 1368 ex
1169 1336 1279 1378 Aleplu
1303 1343 1335 1367 et
1357 1334 1516 1367 samech:
1555 1336 1613 1367 sed
1637 1345 1743 1371 omo&
1769 1339 1825 1369 vix
1847 1344 1921 1380 apta

293 1395 393 1426 fuerit
408 1395 548 1426 nominis
563 1395 684 1439 proprii
699 1394 814 1425 forma.
845 1392 959 1425 Malim
975 1394 1073 1436 igitur
1087 1391 1145 1424 illa
1157 1393 1250 1435 signa
1265 1391 1429 1434 simplices
1444 1391 1566 1423 litteras
1582 1391 1714 1433 habere,
1740 1405 1920 1437 quanquam

294 1453 392 1483 etiam
415 1459 472 1484 020
496 1451 665 1482 commodo
688 1457 794 1491 etymo
816 1456 914 1481 caret.

421 1514 498 1540 *tumn
520 1507 580 1547 ἰυ)
610 1507 735 1538 reddidi
755 1509 910 1550 princeps
932 1505 979 1549 (izv
1002 1516 1062 1548 pro
1085 1513 1135 1539 *un
1158 1504 1366 1547 probabiliter
1388 1504 1488 1536 habes
1505 1505 1601 1536 etiam
1624 1504 1683 1536 Cit.
1701 1505 1753 1546 33)
1779 1508 1920 1548 quinque

292 1565 452 1603 virorum,
490 1563 573 1606 quod
596 1553 732 1594 fortasse
752 1561 906 1593 illustrari
928 1568 1031 1603 potest
1046 1572 1089 1592 ex
1102 1560 1312 1592 celeberrimo
1327 1561 1472 1592 instituto
1487 1559 1811 1603 Carthaginensium,
1834 1562 1920 1604 apud

291 1631 372 1664 quos
401 1630 518 1663 magna
545 1619 701 1662 quaedam
734 1619 908 1649 auotoritas
937 1624 1007 1649 erat
1035 1628 1133 1659 penes
1165 1615 1422 1659 Quinqueviros‚
1457 1617 1656 1658 πενταρχίας,
1687 1628 1767 1659 quae
1791 1618 1919 1649 demum

292 1688 416 1720 cunque
438 1677 534 1708 huius
556 1676 762 1718 magistratus
783 1675 866 1706 ratio
890 1681 976 1712 erat,
1015 1685 1047 1706 v.
1071 1674 1188 1715 Kluge
1211 1673 1256 1704 ad
1275 1673 1419 1705 Aristot.
1439 1673 1543 1705 Pom.
1567 1684 1596 1715 p.
1613 1676 1674 1705 120
1688 1685 1756 1716 sqq.
1785 1674 1920 1706 Heeren

292 1733 369 1765 hiet.
405 1733 526 1765 Werke
561 1731 600 1763 T.
631 1730 717 1762 XIII
750 1742 782 1772 p.
815 1733 887 1762 129.
941 1729 1134 1761 citiensium
1171 1737 1278 1761 autem
1315 1728 1544 1771 rempublicam
1582 1730 1695 1761 eodem
1725 1730 1793 1762 fere
1823 1731 1919 1762 modo

293 1790 549 1822 administratam
571 1788 690 1826 fuisse,
713 1794 806 1829 atque
823 1788 979 1818 sororiam
997 1785 1319 1829 Carthaginensium,
1343 1786 1504 1817 neminem
1527 1785 1623 1817 facile
1645 1786 1821 1819 mirabitur.
1866 1787 1917 1826 De

1053 1878 1149 1910 XVI.

798 1945 1167 1979 CITIENSI
1212 1945 1411 1979 NONA

291 2036 429 2079 legenda
461 2042 493 2066 et
523 2044 634 2065 omnes
665 2033 874 2074 despararunt
904 2038 936 2063 et
963 2042 1023 2074 ego
1054 2032 1199 2074 despero.
1249 2032 1446 2063 Litterarum
1468 2031 1572 2074 figura
1595 2043 1614 2063 a
1636 2031 1767 2075 reliquis
1790 2033 1916 2065 diversa

290 2092 394 2124 levior
423 2099 455 2123 et
485 2092 591 2122 minus
619 2089 764 2132 legitima
792 2099 863 2121 esse
895 2089 1037 2128 videtur,
1076 2100 1171 2132 quam
1198 2095 1233 2120 ut
1255 2088 1351 2120 hodie
1373 2087 1440 2131 legi
1461 2089 1571 2131 possit.
1617 2088 1740 2121 Similis
1762 2091 1845 2121 ratio
1868 2096 1916 2121 est

293 2150 435 2182 decimae
458 2158 572 2180 nonae.

1048 2195 1158 2227 XVII.

675 2261 1123 2328 CfTIENSEM
1159 2263 1536 2315 *DECIMAM

417 2352 565 2395 Koppius
587 2350 609 2383 l.
632 2361 660 2382 c.
683 2361 756 2393 pag.
780 2351 843 2380 200
866 2349 910 2380 ita
929 2347 1027 2391 legit,
1062 2355 1094 2380 et
1115 2349 1357 2400 interpretatur:

723 2435 807 2461 ἾΝΪἿ
817 2449 824 2457 ·
836 2436 847 2458 Ξ
1232 2447 1402 2457 ......

723 2492 771 2518 nn
782 2491 845 2526 -ῑζι
1220 2481 1321 2520 filim
1347 2481 1451 2513 Churi

766 2548 847 2575 mn:
1228 2541 1264 2570 in
1287 2537 1423 2569 nihilum

795 2606 846 2630 nu>
1229 2595 1383 2627 redactus·

1449 2652 1532 2684 18*
