2242 2976
407 263 526 299 NUMI
547 263 738 299 SICILIAE
762 264 823 299 ET
842 260 1161 299 ADIACENTIUM
1181 265 1457 299 INSULARUM.
1502 264 1578 299 XII.
1600 264 1770 299 MOTYE.
1836 267 1909 303 297

281 357 441 392 Formae
470 359 583 392 fanum
607 360 777 401 antiquum
809 358 886 398 fuit,
925 359 1039 401 Tycha
1066 361 1231 392 nominata
1259 367 1325 392 est:
1358 382 1494 392 .....
1538 359 1661 397 Quarta
1689 366 1795 392 autem
1818 359 1906 401 urbs,

278 425 360 458 quae
389 417 466 458 quia
494 424 655 458 postrema
680 416 850 450 aedificata
879 422 947 455 est,
982 416 1139 459 Neapolis
1161 410 1360 449 nominatur.
1389 439 1398 448 .
1423 439 1432 448 .
1451 419 1494 448 .“
1539 415 1663 448 Graece
1685 417 1908 459 antiquissima

276 470 359 504 haec
382 472 614 514 Syracusarum
637 484 711 516 pars
736 475 860 511 Νᾶσος,
881 474 991 513 Νῆσος
1012 473 1171 515 appellata
1192 480 1242 506 est
1262 472 1402 514 (Strabo
1425 472 1475 505 VI
1496 484 1526 515 p.
1540 476 1612 506 415.
1642 472 1738 505 Diod.
1760 472 1823 512 XI,
1839 470 1906 514 67),

279 529 332 560 cui
355 529 397 561 ad
417 530 572 561 amussim
593 530 765 572 respondet
787 529 988 572 phoenicium
1008 538 1073 575 ⁸2⁶⁸.
1086 554 1095 569 ,
1117 539 1203 573 nega,
1224 530 1309 572 qnod
1333 530 1437 571 ipsum
1459 530 1527 561 fere
1550 531 1690 561 nominis
1703 531 1825 571 proprii
1843 531 1906 564 vin

278 586 402 624 induit,
432 593 467 616 ut
489 585 573 627 apud
595 597 655 618 nos
677 586 847 624 Irlandiu,
869 586 939 617 Isle
961 586 1002 617 de
1023 584 1166 618 France.
1211 586 1354 628 Pertinet
1378 587 1475 628 igitur
1498 585 1551 617 hic
1571 596 1688 618 numus
1709 587 1749 618 ad
1770 586 1906 619 eandem

279 641 513 683 Syracusarum
542 649 684 684 partem,
722 643 756 673 in
780 653 842 683 qua
872 643 968 673 etiam
998 643 1137 684 priorem
1169 642 1260 673 illum
1291 653 1441 680 numum,
1473 643 1526 684 qui
1556 641 1746 673 Arethusae
1777 643 1905 674 nomine

277 699 450 741 insignitus
479 705 544 736 est,
585 709 695 730 cusum
722 709 793 729 esse
816 699 975 737 vidimus,
1014 699 1079 730 nisi
1105 698 1189 730 forte
1213 710 1232 729 a
1265 698 1382 729 Poenis
1418 698 1555 730 Insulae
1582 698 1686 740 (τπῖῥς)
1716 710 1831 730 nomen
1863 699 1904 731 ab

277 756 500 797 antiquissima
522 754 611 787 urbis
633 762 724 797 parte
746 755 785 786 ad
810 756 992 787 universam
1017 754 1129 786 urbem
1151 754 1396 798 significandam
1422 754 1615 786 translatum
1638 761 1686 785 est
1707 755 1744 796 *).

406 818 444 850 In
474 818 623 853 omnibus
652 826 759 851 autem
789 820 894 853 uumis
919 819 1131 860 Syracusanis
1162 830 1226 852 non
1256 818 1320 850 alia
1342 819 1532 852 emblemata
1555 820 1775 862 reperiuntur,
1811 831 1904 863 quam

278 886 359 917 quae
382 874 512 908 Siciliae
536 877 710 910 domestica
731 882 826 915 sunt,
849 875 954 914 nulla,
981 887 1061 919 quae
1081 875 1287 919 Carthaginis
1309 877 1477 919 imperium
1499 876 1652 918 prodant,
1675 883 1710 907 ut
1731 877 1764 908 in
1786 876 1906 910 Panor-

276 933 423 965 mitanis:
446 932 531 966 unde
552 935 642 965 recte·
663 931 807 975 colligas,
832 932 914 965 hanc
937 940 1098 965 monetam
1121 944 1140 965 a
1162 934 1291 966 civitate
1308 932 1538 974 Syracusarum
1555 934 1588 964 in
1609 943 1702 964 usum
1722 934 1907 965 commercii

276 997 349 1021 omn
372 987 507 1026 Poenis,
536 999 601 1021 non
622 999 642 1021 a
664 988 781 1022 Poenis
803 990 882 1031 ipsis
905 998 1013 1020 cusam
1037 999 1119 1021 esse.

885 1082 980 1115 XII.
1024 1083 1117 1115 Mo
1145 1083 1291 1115 TYE.

403 1159 515 1203 Motya
532 1158 692 1203 (Μοτύη)
716 1159 792 1192 urbs
807 1160 966 1202 Lilybaeo
983 1161 1199 1202 promontorio
1215 1161 1339 1199 vicina,
1362 1159 1551 1202 Thucydide
1567 1161 1618 1201 (6,
1637 1161 1675 1203 2)
1700 1168 1731 1193 et
1744 1161 1904 1195 Pausania

255 1227 259 1231 “
277 1214 402 1258 (Eliac.
425 1219 456 1256 1,
477 1217 538 1259 25)
568 1217 703 1250 testibus
725 1228 745 1248 a
766 1217 983 1249 Phoenicibus
1007 1224 1039 1248 et
1059 1216 1207 1258 Libybus
1229 1216 1389 1257 habitata,
1426 1225 1556 1250 auctore
1579 1217 1724 1249 Diodoro
1746 1218 1817 1259 (14,
1845 1220 1905 1260 68)

278 1270 592 1315 Carthaginiensium
614 1273 741 1306 colonia
763 1281 852 1313 erat,
881 1274 1046 1306 domorum
1070 1274 1161 1315 copia
1182 1280 1214 1304 et
1228 1274 1336 1319 specie
1356 1272 1546 1316 magnifica,
1569 1284 1629 1304 nec
1648 1284 1710 1305 non
1728 1274 1904 1308 incolarum

278 1329 398 1361 divitiis
420 1330 567 1372 insignis.
611 1329 699 1361 Huic
721 1329 793 1362 urbi
816 1330 922 1362 tribuo
947 1341 1078 1362 numum
1100 1337 1288 1373 argenteum
1308 1331 1468 1374 parvitate
1486 1341 1544 1361 sua
1561 1328 1718 1368 nobilem,
1752 1331 1792 1367 de
1815 1332 1905 1363 cuius

277 1386 486 1428 inscriptione
508 1387 590 1419 mira
611 1397 756 1430 quaeque
779 1388 950 1418 commenti
972 1394 1047 1418 sunt
1068 1387 1272 1429 interpretes.
1316 1387 1395 1418 Eius
1419 1393 1510 1428 typus
1534 1385 1587 1416 hic
1610 1393 1674 1417 est:

408 1449 517 1494 Caput
543 1450 706 1494 Medusae
734 1451 917 1483 adversum.
953 1452 983 1493 )(
1017 1453 1136 1485 Palma
1158 1451 1275 1490 arbor,
1305 1453 1336 1483 in
1358 1450 1398 1483 al.
1423 1452 1596 1493 Pagurur,
1636 1461 1707 1481 cum
1730 1451 1903 1493 epigraphe

278 1512 428 1549 quattuor
449 1506 641 1540 litterarum.
674 1507 745 1540 AR.
760 1511 790 1540 2.
822 1507 908 1551 Vide
931 1507 990 1550 litt.
1013 1507 1055 1540 A.
1082 1508 1106 1539 Β
1129 1519 1172 1539 ex
1193 1506 1351 1549 exemplis
1364 1507 1596 1551 Mionnetianis
1621 1506 1660 1538 cf.
1684 1505 1725 1538 Τ.
1749 1506 1763 1537 1
1784 1519 1814 1549 p.
1831 1510 1904 1539 269.

277 1565 340 1594 270
362 1573 413 1593 no.
429 1565 620 1596 502—505.
645 1564 709 1595 tab.
725 1567 777 1603 20,
799 1575 853 1595 no.
867 1567 920 1595 22.
935 1567 996 1603 23,
1023 1564 1078 1595 ubi
1102 1565 1188 1606 prior
1211 1563 1386 1606 epigraphe
1412 1563 1493 1594 male
1517 1564 1600 1606 picta
1623 1569 1682 1600 est·
1727 1562 1799 1594 Non
1821 1565 1900 1595 satis

275 1626 445 1650 accuratae
476 1621 573 1651 etiam
603 1614 836 1665 delineationes
867 1619 1087 1661 Barthelemyi
1110 1608 1202 1651 lettre
1225 1620 1244 1650 a
1267 1618 1403 1650 Olivieri
1425 1619 1488 1651 tab.
1510 1623 1540 1650 4.
1573 1618 1738 1650 Pelierinii
1761 1619 1833 1650 Rec.
1858 1619 1904 1651 III

278 1675 342 1707 tab.
375 1679 446 1707 121.
467 1672 594 1718 ‘SuppL
623 1677 681 1717 IV,
712 1680 762 1709 13.
812 1671 913 1708 'Aliud
943 1676 1143 1719 exemplum,
1183 1678 1274 1707 cuius
1306 1676 1387 1707 duae
1417 1683 1539 1708 tantum
1569 1674 1694 1706 litterae
1724 1683 1903 1717 postremae

277 1738 464 1773 supersunt,
495 1733 582 1764 dedit
603 1732 793 1771 Neumann,
824 1744 913 1765 nuru.
935 1733 1046 1763 inedit.
1078 1732 1118 1764 T.
1140 1732 1171 1764 11
1193 1732 1256 1765 tab.
1278 1737 1310 1764 4.

405 1796 442 1828 ln
466 1798 560 1827 tertia
585 1792 724 1847 maxime
747 1789 855 1828 littera
878 1798 1037 1839 pingenda
1061 1809 1196 1840 magnus
1219 1804 1268 1828 est
1291 1797 1542 1829 delineationum
1567 1798 1752 1835 dissensus,
1793 1798 1849 1828 sed
1871 1798 1903 1829 in

279 1852 404 1884 duobus
435 1852 591 1895 exemplis
621 1853 776 1885 Parisinis
805 1853 944 1895 perbene
974 1855 1190 1892 conservatis,
1223 1864 1355 1895 quorum
1381 1860 1492 1895 ectypa
1514 1861 1587 1885 ante
1611 1853 1721 1885 oculos
1744 1852 1849 1884 habeo
1874 1860 1906 1884 et

279 1911 313 1941 in
334 1908 444 1941 tabula
466 1920 538 1941 mea
560 1908 712 1949 exhibui,
742 1909 822 1941 haec
842 1909 949 1947 littera
971 1911 1026 1941 vix
1048 1909 1112 1941 alia
1134 1920 1205 1941 esse
1229 1917 1332 1951 potest
1352 1920 1446 1952 quam
1476 1911 1562 1948 Vav,
1584 1911 1668 1942 unde
1691 1911 1793 1941 oritur
1809 1909 1905 1941 lectio

892 1986 982 2011 &ir-⁴³72
1028 1979 1049 2009 i.
1074 1988 1104 2009 e.
1147 1977 1276 2018 Motye‚

280 2047 364 2090 quod
386 2058 429 2079 ex
450 2058 509 2078 usu
532 2046 684 2090 loquendi
706 2047 930 2079 Hebraeorum
952 2055 1000 2079 est
1022 2049 1111 2080 locus
1132 2047 1191 2081 ubi
1211 2051 1309 2078 netur
1339 2046 1558 2090 (Spinnerey)
1581 2059 1600 2078 a
1622 2048 1689 2079 rad.
1717 2056 1781 2095 5223
1807 2049 1904 2087 nevit,

280 2114 323 2135 ex
345 2114 405 2136 usu
426 2103 588 2142 Arabum,
622 2105 675 2146 qui
698 2105 881 2145 primariam
904 2104 1021 2135 radicis
1045 2111 1233 2147 potestatem
1256 2111 1441 2142 servarunt,
1474 2105 1677 2144 convolutio,
1701 2106 1905 2146 complicatio

281 2170 350 2211 vel,
386 2171 471 2214 quod
500 2171 609 2202 malim
638 2173 661 2202 i.
684 2183 712 2214 q.
738 2153 806 2204 {iio
835 2172 910 2213 (pro
933 2187 966 2204 a...
971 2172 1026 2217 51⁹
1054 2183 1073 2202 a
1101 2171 1206 2220 ὀμ)
1237 2170 1428 2212 hospitium,
1460 2172 1546 2213 quod
1573 2175 1645 2214 quir
1669 2175 1779 2214 petit,
1817 2182 1902 2213 spec.

281 2247 508 2290 longinquum,
550 2258 570 2278 a
599 2246 819 2294 deflectendo²
857 2248 1045 2278 divertendo
1077 2246 1139 2286 (cf.
1162 2256 1236 2286 naa,
1262 2249 1347 2288 Ἶητ).
1401 2246 1563 2290 Quidquid
1593 2254 1698 2279 autem
1730 2248 1769 2277 de
1799 2254 1903 2287 etymo

282 2305 412 2342 statuis,
437 2302 667 2346 orthographia
682 2310 768 2334 certa
784 2311 848 2340 est,
871 2310 902 2334 et
920 2302 1075 2334 refellitur
1089 2302 1139 2334 his
1156 2304 1260 2334 numis
1278 2305 1462 2335 coniectura
1477 2303 1628 2335 Bccharti
1653 2302 1752 2344 (Can.
1771 2314 1799 2344 p.
1818 2302 1904 2342 509),

283 2361 338 2401 qui
359 2356 506 2402 Motya'm
529 2372 548 2391 a
571 2358 787 2399 Phoenicibus
809 2367 922 2393 'amma
946 2360 1095 2401 scriptam
1118 2369 1189 2390 esse
1213 2360 1353 2401 putabat.
1372 2379 1413 2384 —
1437 2360 1531 2398 Quod
1547 2360 1763 2401 Lindbergius
1786 2362 1835 2401 (p.
1851 2359 1904 2399 37)

283 2415 477 2458 epigraphen
508 2424 650 2448 nostram
678 2424 778 2451 flam:
808 2415 977 2458 legendam
1000 2423 1031 2447 et
1053 2415 1228 2447 Mazaram
1251 2416 1381 2448 Siciliae
1404 2416 1644 2459 intelligendam
1670 2415 1839 2453 censebat,
1874 2415 1905 2444 id

338 2533 366 2566 1’ἢ
391 2534 514 2561 Ceterum
541 2543 596 2561 non
621 2537 718 2565 desunt
744 2537 867 2569 exempla
888 2540 1013 2569 typorum
1031 2541 1058 2561 et
1127 2520 1320 2570 Syracusarum
1338 2541 1438 2570 partem
1460 2535 1749 2569 (Eck11e11‚p.246),
1772 2532 1903 2566 Neapolin

286 2581 504 2617 epigraphen-um,
535 2583 580 2617 qui
599 2585 632 2610 ad
653 2593 807 2620 magnarum
830 2585 994 2618 quarundam
1016 2592 1062 2609 ur—
1130 2585 1262 2613 Panormi,
1275 2585 1324 2618 (v.
1347 2593 1425 2617 supra
1446 2592 1504 2619 pag.
1525 2585 1574 2609 292
1584 2583 1604 2615 ).

286 2629 360 2657 bium
377 2635 463 2663 paries
478 2631 645 2663 referantur.
668 2633 754 2660 veluti
774 2633 806 2659 ad
826 2633 935 2665 Tychen,
954 2631 1059 2657 tertiam

1483 2683 1522 2712 38
