2242 2976
363 258 434 295 116
477 256 609 289 LIBER
621 254 865 288 SECUNDUS.
887 252 1225 288 INSCRIPTIONES
1239 250 1523 289 PHOENICIAE.
1552 255 1700 292 CAPUT
1713 256 1972 291 SECUNDUM.

361 363 420 384 τινι
448 351 592 393 λεγομένῃ
623 349 818 382 Tavatrao
824 362 834 380 ι
864 348 933 392 (ita
954 359 1086 389 omnes,
1118 350 1189 381 sine
1220 350 1409 382 auctoritate
1439 361 1542 394 nuper
1563 350 1791 394 Bernhardyus
1808 351 1973 393 Ἅνᾰίτιδι)

362 406 662 448 autumpnum-9111,
694 404 759 437 εἶτα
779 404 859 446 πρὸς
871 404 971 447 γάμον
991 406 1190 445 ἐκδίδοσθαι,
1212 405 1346 448 μηδενὸς
1362 405 1564 445 ἀπαξιοῦντος
1577 411 1645 446 ταῖς
1656 406 1815 446 τοιαύταις
1827 412 1975 441 συνοικεῖν

363 463 422 505 (cf.
444 463 539 494 etiam
561 461 659 494 Dion.
676 460 766 493 Cass.
785 463 837 501 36,
854 464 894 494 36
922 462 976 494 ubi
991 461 1067 494 olim
1086 462 1241 500 Ταναΐδος
1264 470 1351 503 erat,
1381 474 1467 496 nunc
1486 465 1521 496 in
1543 464 1632 496 editt-
1647 462 1846 506 liva‘l'ndoc).
1888 463 1975 496 Satis

360 519 454 551 firma
474 519 571 561 igitur
593 519 765 550 auctoritas
793 518 998 557 Tanau-ute,
1031 529 1126 561 quam
1148 519 1283 551 formam
1298 521 1390 552 iuxta
1405 519 1568 564 vulgarem
1583 520 1672 553 illam
1688 521 1856 553 admittere
1870 520 1976 554 miuus

361 576 456 607 etiam
487 573 677 606 dubitabunt
704 575 767 606 viri
796 575 931 614 eruditi,
965 574 1021 607 ubi
1049 574 1133 607 infra
1161 575 1201 607 de
1229 577 1394 619 utriusque
1415 578 1541 620 origine
1563 577 1839 620 disputaverimus.
1881 575 1977 608 Hune

362 641 438 663 vero
467 631 535 662 sive
566 629 718 662 Tanaitin
746 632 816 663 sive
843 630 974 663 Ana'itin
1001 630 1098 674 vulgo
1123 631 1270 664 Dianam
1291 632 1481 675 appellatam
1503 644 1575 665 esso
1604 640 1670 665 tum
1695 631 1859 665 Plutarchi
1886 630 1976 664 loen·

361 687 452 718 docet
479 686 575 718 modo
604 685 751 719 laudatus
780 694 846 719 tum
877 687 942 719 alia
970 696 1113 721 veterum
1135 690 1318 721 testimonia
1339 689 1469 722 firmant
1491 689 1606 732 (Diod.
1631 692 1663 729 5,
1684 691 1737 722 78.
1764 687 1848 721 Plin.
1870 690 1903 727 6,
1922 690 1976 721 27.

359 742 428 775 Jos.
450 742 581 786 Antiqu.
605 746 661 782 12,
687 746 736 775 13.
767 742 898 776 Arrian.
920 746 1035 788 exped.
1056 744 1153 778 Alex.
1177 749 1207 778 7.
1237 745 1348 788 Stepb.
1370 745 1450 788 Bys.
1471 756 1502 779 v.
1526 745 1642 788 Zela),
1678 745 1876 788 eandemque
1903 753 1976 776 cunt

359 797 486 831 Omano
517 800 571 842 (ut
593 809 655 833 mn
678 810 748 831 cum
770 807 833 844 pan
857 801 917 835 ¹2³:
939 802 974 832 in
996 799 1148 845 Cartbag.
1181 804 1287 835 1-3.
1308 802 1349 845 5)
1375 803 1556 836 eommunia
1578 813 1671 835 sacra
1692 801 1861 841 babuisse,
1897 798 1987 849 alibi·

358 855 606 888 monstrabimus
631 856 690 898 (ad
713 854 862 899 Carthag.
885 859 904 888 3
927 867 980 887 no.
1002 857 1076 899 48).
1107 862 1113 871 ¹

508 912 567 944 Est
606 914 703 955 igitur
742 912 803 944 dea
839 922 901 954 φη
948 913 1062 956 (quam
1100 912 1323 947 Hebraeorum
1362 926 1452 948 more
1485 924 1558 963 mgq
1595 914 1734 956 efferas)
1767 914 1854 947 idem
1894 911 1974 946 illud

358 978 496 1007 numen,
531 968 615 1011 quod
644 969 738 1000 modo
768 970 937 1011 peregrino
966 970 1096 1001 nomine
1124 980 1144 1001 a
1172 969 1304 1002 Graecis
1330 973 1490 1012 Ταναίτις,
1507 972 1653 1011 Ἀναῗτις,
1681 971 1776 1003 modo
1798 970 1974 1002 domestico
2042 981 2046 994 ¹

350 1023 493 1067 Ἄρτεμις
518 1024 612 1068 (vide
633 1023 722 1056 locos
743 1025 839 1056 modo
860 1023 1044 1067 laudatos),
1082 1024 1208 1068 plenius
1230 1025 1372 1068 Ἄρτεμις
1398 1029 1537 1070 Περσικὴ
1570 1027 1751 1071 (Plutarch.
1773 1025 1901 1059 Lucull·
1921 1028 1973 1058 24.

357 1080 531 1123 Spanhem.
560 1081 601 1112 ad
631 1079 758 1112 Cauim.
790 1080 886 1112 Dian.
909 1081 987 1122 36),
1014 1080 1157 1124 Ἄρτεμις
1183 1083 1378 1125 ταυροπόλος
1411 1083 1603 1127 (Spanhem.
1635 1083 1711 1116 ibid.
1739 1083 1781 1116 ad
1810 1092 1842 1115 v-
1871 1081 1971 1123 137),

361 1136 498 1179 Οὐρανίη
529 1136 671 1178 (Herod.
693 1140 730 1175 1,
754 1138 856 1179 131),
890 1136 1057 1180 Ἀφροδίτη
1089 1138 1271 1181 (Agathino
1302 1139 1376 1172 bist.
1398 1144 1437 1180 2,
1460 1143 1511 1172 24.
1547 1140 1647 1173 Glem.
1676 1138 1773 1172 Alex.
1802 1137 1826 1172 l.
1849 1137 1896 1180 c.)
1924 1139 1973 1178 ¹¹),

356 1192 493 1224 subinde
514 1193 609 1224 etiam
627 1191 744 1234 Ἀθήνη
767 1192 871 1235 (Plut.
893 1192 973 1235 Syll.
994 1205 1021 1226 c.
1038 1197 1069 1227 9.
1091 1193 1206 1227 Artax.
1229 1206 1256 1227 c.
1271 1198 1313 1228 27
1335 1202 1369 1227 et
1391 1207 1473 1240 quae
1490 1195 1603 1241 laudat
1624 1194 1778 1235 Creuser,
1801 1192 1973 1236 Symbolik

356 1247 405 1280 lv
435 1259 466 1290 p.
488 1249 568 1289 200)
594 1248 654 1290 *⁸),
689 1248 832 1290 adeoque
860 1248 999 1281 Bellona
1029 1249 1240 1293 appellatum,
1273 1252 1348 1284 inde
1377 1252 1418 1285 ab
1441 1252 1644 1292 Artaxerxe,
1683 1252 1737 1294 qui
1758 1250 1879 1283 cultum
1901 1250 1974 1282 eius

355 1315 397 1336 ex
420 1303 599 1345 Babylonia
622 1306 792 1346 repetitum
816 1305 1036 1337 introduxerat
1058 1305 1163 1349 (Plut.
1178 1308 1212 1339 iu
1227 1306 1339 1340 Artax.
1361 1315 1393 1340 et
1409 1308 1511 1342 Clem.
1526 1308 1620 1341 Alex.
1637 1307 1673 1343 ll.
1687 1307 1773 1348 cc.),
1794 1308 1828 1339 iu
1841 1306 1973 1339 Porciae

354 1360 488 1392 urbibus
511 1360 695 1400 Ecbatana,
726 1360 837 1400 Susis,
861 1361 1052 1404 Pasargadis
1075 1361 1178 1403 (Plin.
1201 1366 1233 1402 6,
1257 1366 1309 1396 27.
1330 1362 1433 1396 Clem.
1456 1363 1551 1397 Alex.
1573 1364 1595 1398 l.
1610 1366 1679 1406 o.),
1702 1365 1735 1397 in
1752 1365 1827 1396 sinu
1842 1362 1972 1396 Persico

354 1415 501 1457 (Arriau.
524 1415 545 1447 l.
562 1415 631 1459 c.)‚
663 1418 696 1448 in
719 1415 873 1448 Armenia
896 1417 1027 1459 (Strab.
1051 1417 1121 1450 XV
1144 1430 1175 1462 p.
1192 1422 1294 1461 806),
1325 1420 1457 1462 Scythia
1478 1419 1620 1453 Taurica
1643 1419 1747 1463 (Plut-
1770 1418 1896 1452 Lucull.
1917 1422 1970 1451 24.

354 1470 477 1504 Gallim.
507 1471 605 1503 Dian.
637 1472 735 1514 174),
771 1474 804 1504 in
833 1472 933 1505 Asiae
961 1475 1096 1507 minoris
1125 1475 1260 1508 urbibus
1288 1487 1326 1508 ac
1355 1476 1564 1520 regionibus,
1601 1484 1636 1509 ut
1660 1476 1758 1508 Zelae
1781 1482 1814 1507 et
1835 1474 1914 1508 alibi
1934 1475 1970 1506 in

354 1527 455 1559 Ponto
484 1527 615 1569 (Steph.
637 1527 715 1568 Byz.
736 1538 767 1560 v.
790 1531 886 1569 Ζῆλα.
915 1529 999 1561 Plut.
1023 1530 1153 1563 Lueull.
1176 1532 1252 1574 50),
1282 1532 1445 1565 Comanae
1467 1534 1500 1565 in
1524 1532 1729 1576 Cappadocia
1749 1530 1876 1574 (Strab.
1894 1530 1918 1563 l.
1939 1541 1967 1564 c.

353 1582 468 1624 Heyne
490 1584 530 1615 de
552 1584 730 1615 sacerdotio
754 1584 947 1616 Comanensi
970 1596 999 1627 p.
1023 1589 1079 1618 101
1097 1587 1205 1629 sqq.),
1235 1588 1404 1631 Hierapoli
1426 1590 1459 1621 in
1485 1589 1623 1632 Phrygia
1644 1588 1749 1631 (plut.
1772 1587 1879 1621 Crass.
1895 1587 1968 1629 17),

352 1638 625 1671 Hierocaesareae
649 1646 680 1671 et
701 1639 779 1671 alibi
801 1641 833 1671 in
856 1640 960 1682 Lydia
980 1641 1082 1680 (Tac.
1103 1641 1187 1675 Ann.
1209 1647 1247 1683 3,
1269 1647 1321 1677 62.
1351 1644 1470 1677 Athen.
1491 1645 1592 1684 XIV,
1615 1645 1699 1688 38),
1727 1645 1856 1688 Ephesi
1875 1643 1967 1688 (Act-

354 1698 404 1734 19,
420 1699 471 1726 24.
492 1695 631 1728 Creuzer
653 1695 821 1737 symbolik
843 1696 887 1736 11,
910 1708 940 1739 p.
957 1700 1017 1729 176
1039 1705 1071 1729 et
1094 1710 1175 1741 quae
1198 1700 1246 1732 ibi
1266 1699 1457 1743 laudantur)
1480 1700 1553 1744 Ψ),
1575 1712 1692 1744 magua
1715 1712 1787 1734 cum
1809 1700 1968 1744 religione

352 1749 533 1791 colebatur,
556 1752 702 1795 quodque
717 1752 855 1792 Lunam,
879 1755 1051 1796 praecipue
1070 1754 1173 1788 Lucis
1186 1756 1344 1789 datricem
1359 1757 1544 1800 (φωςφόρον
1551 1757 1575 1801 ),
1596 1765 1838 1801 repraesentare
1853 1755 1969 1800 proba·

352 1805 417 1838 bile
446 1808 550 1839 reddit
577 1808 757 1840 Creuzerus
786 1808 975 1851 (Symbolik
1005 1810 1036 1842 11
1067 1822 1099 1854 p.
1126 1813 1218 1855 190).
1263 1812 1390 1856 Ubique
1420 1814 1578 1857 imagines
1600 1814 1679 1846 deae
1701 1815 1797 1846 modo
1818 1813 1967 1846 rudiores

351 1861 398 1893 nil
429 1864 492 1894 nisi
528 1870 673 1896 truncum
707 1876 779 1897 cum
814 1867 918 1908 capite
950 1873 983 1898 et
1010 1867 1145 1909 pedibus
1176 1876 1468 1912 repraesentantes,
1498 1871 1593 1902 modo
1621 1871 1773 1909 turritae,
1802 1876 1966 1908 armatae,

350 1917 629 1958 multimammiae,
659 1919 786 1952 solenni
807 1923 870 1953 ritu
892 1924 987 1955 certis
1009 1923 1123 1957 diebus
1142 1926 1424 1969 circumgestatae,
1454 1927 1488 1958 iu
1511 1928 1693 1969 πυραθείοις
1714 1937 1734 1957 a
1748 1924 1966 1958 sacerdotibus

400 2042 424 2078 *)
443 2043 503 2079 Ipsa
515 2043 649 2079 Ἄρτεμις
666 2047 800 2082 Ephesius
819 2049 848 2075 iu
866 2049 999 2079 Versione
1017 2051 1122 2078 arabica
1241 2051 1301 2086 “⁸0
1333 2053 1448 2089 Egregie
1477 2053 1661 2088 Hieronymus
1688 2054 1772 2089 praef.
1805 2053 1839 2080 ad
1863 2053 1961 2087 Ephes-

558 2086 573 2098 .-
1189 2100 1405 2134 „scribebat
1436 2101 1681 2137 (Apostolus)
1716 2102 1755 2129 sd
1789 2101 1962 2136 Ephesios

1188 2149 1339 2176 Dianam
1371 2151 1553 2184 colentes,
1585 2159 1652 2178 non
1686 2152 1777 2177 hanc
1803 2149 1962 2178 venatri-

1189 2205 1280 2229 cem,
1297 2206 1385 2232 quse
1403 2207 1517 2225 arcum
1537 2203 1635 2226 tenet
1653 2203 1687 2226 et
1700 2198 1880 2225 succincta
1898 2201 1961 2231 est,

1189 2246 1247 2272 sed
1268 2245 1364 2272 illam
1381 2247 1693 2280 multimammiam,
1710 2255 1810 2282 quam
1830 2245 1962 2273 Graeci

349 2111 413 2140 Act.
433 2113 486 2145 29,
504 2112 539 2137 24
558 2093 627 2158 ’ἓξ-3,),
648 2116 769 2142 redditur
792 2117 810 2143 i.
831 2126 857 2144 e.
884 2120 980 2144 Venus.
1021 2118 1122 2146 Contra

348 2163 469 2197 Hesych.
490 2162 610 2197 Ζαρῆτιε
626 2165 666 2197 (i.
685 2176 709 2193 e.
729 2167 826 2209 2595),
844 2166 1030 2204 ’Ἀρτομιὴ
1047 2171 1121 2204 Πέρ-

349 2224 413 2248 σαι,
443 2222 497 2249 qno
521 2214 601 2241 etiam
628 2218 741 2249 pertinet
762 2217 870 2252 ’Ἀζαρα
897 2224 964 2247 teste
989 2221 1120 2247 Strabone

349 2272 377 2297 p.
396 2264 448 2289 512
464 2262 607 2290 Minervae
626 2269 652 2291 et
667 2266 770 2292 Dianae
787 2269 924 2302 temptum,
944 2269 1044 2295 rectius
1062 2269 1120 2303 ipsa
1267 2292 1274 2303 ,
1591 2295 1611 2309 u
1730 2295 1736 2301 .
1885 2294 1891 2300 .

347 2314 439 2341 Dian
459 2323 482 2340 .-
499 2314 594 2340 Venus
611 2314 659 2354 Ψ
1188 2293 1416 2327 uoluunt-v
1442 2300 1588 2323 vocant.
1637 2310 1672 2316 -
1706 2294 1830 2321 Eundem
1856 2295 1960 2321 Dlme

400 2363 415 2379 t
548 2366 554 2371 .
655 2324 683 2357 )‘·
703 2366 709 2372 ,
878 2369 883 2375 ,
1189 2342 1339 2376 Ephe-inae
1356 2344 1446 2370 fanum
1470 2352 1566 2380 magua
1586 2343 1717 2380 religione
1736 2344 1835 2369 cultum
1854 2347 1910 2369 erat
1931 2342 1960 2369 in

417 2364 444 2398 *)
457 2365 587 2399 Apulejus
599 2365 788 2399 Ater(11b.xl
801 2369 835 2394 de
847 2377 922 2395 asmo
937 2378 1020 2396 aureo
1035 2380 1058 2404 Ρ·
1068 2371 1121 2398 25⁴
1188 2390 1319 2424 Hispania
1338 2392 1408 2425 apud
1427 2392 1616 2428 Carthaginem
1634 2400 1732 2419 novam
1750 2399 1834 2425 prope
1851 2392 1958 2417 Hercu-

346 2412 418 2448 Bip.)
438 2414 540 2439 Lunam
550 2414 696 2441 invocans:
715 2415 816 2451 Regina
832 2417 910 2447 coeli,
927 2417 986 2443 sive
998 2418 1120 2445 taceres
1189 2438 1222 2464 ,ἧς
1240 2440 1354 2465 inwhm
1378 2440 1492 2472 (stabo
1517 2440 1562 2468 nb·
1583 2440 1635 2473 ΠΙ,
1660 2449 1687 2474 Ρ.
1703 2441 1754 2467 159
1775 2439 1904 2471 casaub.)
1932 2444 1959 2466 et

348 2463 417 2488 alma
428 2462 535 2499 frugum
550 2471 647 2496 parens
660 2463 798 2519 originalis
812 2481 852 2491 ...
863 2482 870 2488 .
880 2483 886 2489 .
903 2473 950 2490 seu
962 2469 989 2490 tu
1003 2468 1119 2492 Caelestis
1187 2487 1260 2512 aliud
1283 2487 1369 2514 ,imile
1396 2488 1424 2514 in
1448 2489 1542 2516 “dem
1565 2496 1611 2514 om
1634 2488 1662 2514 in
1686 2488 1818 2522 Emporiis
1843 2488 1855 2520 (
1862 2489 1959 2515 Strabo

350 2513 436 2537 Venus
455 2528 478 2535 ..
549 2519 597 2537 seu
611 2513 703 2537 Phoebn
719 2513 811 2546 Soror,
833 2520 900 2546 quae
915 2517 992 2546 partu
1005 2514 1119 2540 fetarum
1188 2536 1206 2560 L
1220 2543 1244 2560 c·
1258 2543 1284 2568 p·
1303 2535 1382 2567 160).

346 2558 457 2585 medelis
467 2557 626 2585 lenientibus
634 2564 755 2586 recreato
763 2561 876 2594 populos
885 2564 972 2587 tantos
989 2562 1119 2596 educasti,

346 2607 540 2641 praeclarisque
559 2616 632 2634 nunc
654 2608 793 2636 veneraris
809 2608 927 2636 delubris
941 2611 1034 2643 Ephesi
1048 2614 1099 2636 cet.

638 2723 657 2731 p-
