2242 2976
271 266 647 302 PALAEOGRAPHIA
662 266 946 302 COMPARATA.
989 271 1017 309 §-
1032 273 1083 302 49.
1105 267 1259 302 PRISCA
1272 268 1454 302 ITALIAE
1468 268 1799 307 LITTERATURA.
1846 274 1895 309 73

273 362 380 404 Quam
402 361 541 406 figuram
563 362 622 395 sub
646 361 731 395 Saia
751 374 775 395 s.
791 363 877 396 Zeta
890 365 1068 406 posuimus,
1092 374 1131 395 ea
1145 362 1242 407 vulgo
1255 363 1315 396 sub
1330 363 1441 407 Signia
1456 372 1628 407 comparet,
1651 365 1741 397 cu'ius
1757 372 1896 408 potesta-

269 427 334 452 tem
355 419 443 451 haud
465 419 562 451 dubie
582 419 696 452 habet:
729 431 788 452 nos
811 420 851 452 ad
874 421 1031 463 originem
1052 431 1143 452 suam
1166 431 1236 452 eain
1260 422 1491 452 revocavimus.

395 494 427 522 4.
473 489 524 521 De
560 489 677 522 litteris
717 489 925 522 Celtiberia-is
961 491 994 522 in
1025 490 1204 533 Hispaniae
1235 489 1490 523 Tarraconensis
1521 498 1553 523 et
1582 491 1734 524 Baeticae
1763 498 1894 524 moneta

267 546 374 579 obviis
402 550 454 589 (v.
476 546 631 578 Mionnet
643 546 657 578 1
677 558 710 589 p.
729 549 759 578 5.
776 550 827 578 21.
844 549 887 578 40
908 558 974 590 sqq.
998 549 1039 579 50
1060 557 1128 589 sqq.
1172 547 1316 579 Recueil
1333 547 1390 579 des
1412 539 1576 580 Plariches
1598 548 1660 580 tab.
1685 551 1733 581 16.
1758 551 1807 581 17.
1832 551 1894 591 18)

266 614 332 635 uon
362 604 408 635 ita
438 610 579 642 constat,
618 610 654 634 ut
681 602 880 645 singularum
913 605 962 635 vis
998 611 1085 636 certo
1122 603 1252 636 definiri
1286 605 1398 646 possit.
1458 603 1563 641 Quam
1600 615 1678 637 vero
1715 605 1893 648 Velaequez

266 659 420 702 (Emayo
443 666 504 692 cet.
525 659 587 692 tab·
602 659 642 701 5)
663 660 828 691 contexuit
849 670 961 692 earum
983 659 1143 700 tabulam,
1167 672 1223 700 ea,
1246 659 1325 692 licet
1347 659 1388 692 ab
1409 659 1569 692 Eckhelio
1592 662 1734 704 iniquius
1754 662 1894 694 iudicata

265 715 328 756 (D.
349 714 391 748 N.
413 715 428 748 1
449 727 478 759 p.
496 715 554 756 6),
586 716 620 747 in
641 714 786 758 plurimis
811 718 890 749 satis
912 724 999 748 recte
1022 728 1057 749 se
1081 716 1202 749 habere
1224 717 1366 756 videtur,
1407 722 1439 748 et
1460 718 1574 758 partim
1604 716 1782 750 litterarum
1805 717 1893 750 Itali-

265 783 375 804 carum
412 772 561 816 analogia
576 795 586 812 ‚
634 773 751 815 partim
786 772 1013 805 nonnullorum
1050 775 1215 806 nominum
1254 774 1457 816 propriorum
1494 772 1632 805 lectione
1673 774 1891 807 confirmatur.

264 827 429 861 Cer-tiores
458 830 528 862 eius
556 828 678 871 figuras
707 839 746 860 eo
776 829 891 861 saltem
913 829 1048 862 consilio
1071 831 1204 873 apposui
1232 830 1317 872 (tab.
1336 833 1355 861 2
1380 828 1440 861 col.
1460 829 1518 871 5),
1556 836 1592 861 ut
1614 838 1804 873 appareret,
1834 831 1892 864 has

263 883 388 918 litteras
418 885 513 918 Oscis
544 896 616 917 esse
631 886 775 918 .vicinas
813 893 845 918 et
880 887 1026 919 eiusdem
1060 888 1194 930 originis
1228 894 1323 929 atque
1353 893 1494 918 veterem
1525 886 1638 918 Italiae
1668 886 1890 927 litteraturam,

262 942 467 975 manifestum
489 949 596 975 autem
618 954 690 975 esse
714 953 825 975 eorum
848 953 1007 982 errorem,
1039 945 1093 986 qui
1110 942 1233 976 litteras
1254 944 1434 986 incognitas
1450 944 1483 974 in
1502 951 1706 976 monumento
1723 943 1892 988 Tuggensi

263 997 376 1031 obvias
399 999 459 1041 (de
482 1000 598 1042 quibus
618 1000 691 1031 vide
711 998 769 1031 lib.
794 998 838 1038 ΙΙ,
861 1000 900 1030 ad
927 1000 1027 1031 inscr.
1047 999 1110 1042 56)
1136 999 1345 1032 Celtibericas
1366 1009 1438 1031 esse
1461 1007 1672 1032 censuerunt:
1709 1012 1890 1045 quanquam

262 1054 436 1087 nonnullae
457 1055 546 1088 illius
566 1055 691 1087 litterae
713 1055 858 1087 Italicam
880 1056 1037 1098 originem
1060 1066 1135 1098 prae
1157 1066 1193 1087 se
1215 1056 1300 1088 ferre
1322 1056 1482 1087 videntur.

392 1128 424 1158 5.
467 1126 632 1158 Romanos
654 1128 684 1167 ⁴¹)
708 1125 833 1158 duobus
854 1126 966 1168 primis
987 1132 1059 1168 post
1081 1125 1125 1158 V.
1146 1125 1182 1157 C.
1207 1125 1325 1158 seculis
1348 1125 1481 1158 Graecis
1496 1125 1652 1158 Tuscisve
1668 1126 1784 1159 litteris
1802 1139 1888 1168 usos,

263 1181 336 1213 dein
358 1181 570 1214 litteraturam
592 1182 655 1215 sibi
679 1184 841 1225 propriam
866 1193 929 1213 non
953 1181 993 1213 ab
1015 1183 1161 1215 Etruscis
1178 1181 1356 1224 Oscisque‚
1381 1183 1438 1214 sed
1452 1193 1471 1214 a
1486 1182 1618 1215 Graecis
1633 1182 1745 1215 Italiae
1762 1183 1889 1223 incolis,

262 1237 399 1270 fortasse
416 1249 436 1270 a
451 1237 634 1281 Campanis,
656 1240 797 1281 petiisse,
819 1249 892 1270 cum
905 1240 1057 1270 universa
1070 1238 1185 1271 harum
1199 1238 1378 1271 litterarum
1395 1241 1476 1271 ratio
1493 1246 1525 1270 et
1540 1239 1675 1272 historia
1690 1241 1800 1279 docet,
1823 1248 1890 1273 tum

264 1295 394 1337 egregie
413 1306 515 1337 nuper
537 1296 688 1337 exposuit
714 1295 828 1334 Odofr.
852 1295 1037 1327 Muellerus
1059 1298 1118 1338 **).
1161 1294 1308 1338 Namque
1331 1306 1395 1327 non
1418 1297 1452 1327 in
1476 1307 1515 1327 eo
1537 1302 1660 1328 tantum
1678 1298 1889 1329 recentiorem

263 1349 462 1382 Graecorum
491 1362 614 1383 morem
642 1350 866 1390 imitabantur,
906 1352 990 1394 quod
1018 1351 1141 1383 litteras
1175 1363 1194 1383 a
1221 1351 1315 1383 laeva
1345 1353 1386 1384 ad
1417 1353 1563 1384 dextram
1594 1352 1794 1395 dirigebant,
1831 1355 1889 1386 sed

261 1405 373 1448 plures
402 1408 498 1438 etiam
526 1407 651 1450 litteras
672 1418 692 1439 a
712 1407 846 1439 Graecis
868 1406 1081 1449 adoptabant,
1117 1408 1233 1450 quibus
1253 1414 1421 1440 caruerant
1442 1415 1568 1440 veteres
1589 1407 1679 1447 Itali,
1720 1415 1754 1440 ut
1780 1408 1820 1448 Β,
1845 1409 1887 1450 O,

262 1461 304 1503 Q.
350 1461 424 1495 Una
444 1465 479 1495 in
501 1475 535 1495 re
558 1463 740 1496 Tuscorum
762 1465 942 1495 vicinorum
964 1462 1148 1506 exemplum
1172 1465 1275 1496 secuti
1298 1475 1369 1496 esse
1391 1465 1551 1496 videntur.
1599 1464 1646 1496 Hi
1668 1466 1753 1498 enim
1776 1467 1888 1498 tertiae

259 1518 387 1551 litterae
415 1521 463 1559 Γ,
496 1519 525 1551 C
550 1526 740 1562 potestatem
767 1523 825 1551 τοῦ
854 1532 873 1552 κ
900 1519 1097 1559 tribuerant,
1134 1520 1241 1562 idque!
1260 1521 1364 1562 ipsum
1392 1520 1538 1552 fecerunt
1564 1520 1721 1560 Romani,
1753 1533 1888 1564 quorum

259 1574 367 1607 littera
381 1574 408 1606 C
423 1587 523 1618 usque
540 1577 581 1607 ad
594 1575 713 1608 bellum
736 1576 891 1607 Punicum
911 1576 1086 1607 secundum
1108 1581 1141 1606 et
1162 1574 1189 1607 C
1214 1575 1343 1608 valebat
1362 1583 1394 1608 et
1416 1575 1445 1608 G
1475 1576 1530 1618 (in
1552 1576 1702 1617 columna
1722 1577 1888 1611 Duilliaua

259 1632 409 1664 scribitur
417 1631 761 1671 MACESTRATOS‚
775 1630 1142 1664 CARTACINIENSIS
1151 1634 1175 1671 ),
1194 1633 1296 1664 donec
1310 1631 1371 1664 hoc
1386 1634 1544 1675 posterius
1559 1632 1600 1665 ab
1613 1632 1670 1665 illo
1684 1641 1887 1677 segregatum

259 1694 293 1720 et
318 1689 352 1719 in
381 1689 553 1730 septimum
582 1688 743 1731 alphabeti
770 1687 887 1721 locum'
904 1695 980 1720 tunc
1004 1698 1140 1720 vacuum
1169 1689 1263 1731 (nam
1290 1688 1398 1721 littera
1423 1689 1450 1721 Z
1478 1700 1516 1721 ea
1543 1696 1647 1721 aetate
1676 1692 1723 1722 uti
1745 1691 1885 1724 nondum

260 1745 450 1787 coeperant)
479 1746 635 1777 insertum
659 1753 718 1777 est.

386 1821 424 1854 In
455 1830 565 1855 nostra
596 1822 708 1855 tabula
734 1822 934 1866 singularum
969 1823 1148 1856 litterarum
1186 1826 1344 1868 originem
1383 1826 1593 1857 monstraturi
1631 1828 1724 1858 tertio
1752 1826 1825 1859 loco
1854 1835 1886 1860 et

260 1878 287 1910 C
309 1880 474 1922 posuimus
496 1886 528 1910 et
551 1879 597 1912 G:
626 1881 762 1922 septimo
784 1879 856 1912 loco
881 1879 907 1911 Z
939 1879 1037 1922 (Zet)
1060 1892 1102 1913 ex
1124 1892 1241 1924 graeco
1264 1881 1344 1913 Zeta
1368 1889 1492 1921 ortum,
1522 1881 1598 1914 licet
1620 1894 1693 1915 sero
1717 1883 1844 1916 demum
1867 1895 1886 1915 a

258 1935 413 1967 Romanis
429 1943 615 1968 revocatum
634 1943 666 1968 et
688 1943 854 1980 propterea
872 1935 984 1968 ultimo
997 1936 1068 1969 loco
1084 1939 1239 1980 positum:
1262 1939 1318 1970 sed
1335 1945 1487 1970 consueto
1499 1949 1560 1970 suo
1574 1938 1646 1970 loco
1660 1938 1845 1982 reliquimus
1860 1940 1883 1972 S

258 1988 415 2031 litteram,
439 2003 620 2035 quanquam
643 1992 724 2025 haec
747 1995 816 2026 eius
838 1993 944 2036 figura
964 2004 1029 2025 non
1050 2005 1070 2024 a
1086 1994 1190 2026 -Schin
1204 2017 1213 2034 ,
1244 1995 1300 2026 sed
1325 2006 1344 2027 a
1366 1994 1502 2027 Samech
1524 1994 1577 2026 vel
1599 1995 1697 2035 Zeta,
1726 1998 1884 2040 originem

258 2049 382 2091 repetit.
435 2048 574 2091 Figurae
602 2050 692 2091 ipsae
717 2051 751 2081 in
780 2051 1010 2093 antiquissimis
1040 2052 1255 2084 monumentis
1284 2050 1352 2095 ***)
1386 2063 1406 2083 a
1434 2051 1620 2095 vulgaribus
1654 2063 1718 2085 non
1748 2053 1883 2086 multum

258 2105 406 2137 diversae
429 2112 513 2137 sunt.
560 2104 729 2138 Vocabula
751 2113 806 2138 aut
819 2108 970 2138 continua
984 2109 1068 2138 serie
1082 2108 1202 2150 scripta
1215 2115 1270 2139 aut
1286 2108 1422 2151 singulis
1436 2109 1561 2151 punctis
1579 2110 1717 2141 discreta
1731 2117 1816 2149 sunt,
1838 2112 1883 2142 ita

258 2167 385 2201 tamen,
423 2169 458 2193 ut
485 2164 737 2204 praepositiones
770 2176 789 2195 a
819 2163 1004 2195 nominibus
1032 2165 1100 2196 suis
1130 2164 1309 2196 disiunctae
1333 2175 1396 2196 non
1419 2166 1499 2203 sint,
1528 2176 1557 2196 v.
1583 2176 1608 2197 c.
1631 2165 1880 2199 INITALIAM.

256 2215 480 2257 DENOV0.‚
513 2217 578 2250 alia
599 2230 725 2262 quoque
746 2220 846 2252 verba
868 2221 994 2251 minora
1014 2221 1097 2252 inter
1119 2231 1154 2252 se
1177 2220 1342 2263 copulata,
1367 2219 1559 2253 NECHOC.
1578 2220 1808 2260 NIQVISCIT
1827 2223 1881 2264 †).

256 2273 287 2305 A
307 2280 340 2305 et
360 2275 389 2306 E
413 2274 560 2314 vocales,
598 2283 635 2307 ut
663 2278 696 2308 in
725 2277 888 2315 Etruscis,
925 2287 1014 2308 more
1044 2275 1258 2309 Orientalium
1289 2278 1406 2320 passim
1434 2279 1591 2317 omissae,
1622 2290 1706 2311 v.·c.
1738 2279 1798 2311 bne
1823 2290 1880 2321 pro

258 2329 356 2370 bene,
395 2342 453 2363 cra
482 2342 541 2374 pro
570 2343 667 2372 cera,
706 2334 828 2366 dcimm
857 2344 914 2375 pro
945 2333 1105 2372 decimus,
1144 2344 1218 2365 crus
1247 2344 1305 2376 pro
1331 2345 1444 2374 carus,
1482 2334 1593 2367 Lebro
1614 2346 1672 2377 pro
1694 2335 1823 2367 Lebero
1853 2346 1879 2367 s.

255 2386 376 2419 Libero
399 2386 483 2430 ††):
511 2386 637 2421 litterae
660 2401 822 2433 nunquam
845 2390 1026 2433 geminatae
1049 2401 1079 2422 v.
1097 2401 1126 2433 g.
1151 2390 1261 2429 adito,
1284 2391 1331 2422 ilo'
1354 2392 1387 2423 in
1404 2391 1474 2423 XII
1486 2391 1573 2423 tabb.
1589 2402 1646 2434 pro
1660 2392 1787 2431 addito,
1811 2392 1877 2423 illo.

308 2539 334 2573 ⁸)
364 2549 392 2568 v-
411 2541 555 2569 Swwrom
577 2544 610 2568 ‹le
631 2544 720 2576 priscis
743 2544 915 2568 Romanorum
936 2545 1032 2571 litteris.
1153 2542 1217 2576 kmi)
1235 2553 1263 2572 v.
1278 2545 1373 2570 Lsxvzr
1386 2546 1480 2577 Saggio
1489 2546 1523 2571 T.
1533 2545 1552 2570 1.
1562 2554 1588 2579 p.
1600 2544 1649 2570 142
1662 2552 1719 2577 sqq.
1735 2544 1770 2568 cf.
1783 2542 1835 2568 tab.
1852 2545 1878 2569 2.

259 2587 353 2615 Oxon.
373 2589 449 2617 1746.
467 2589 494 2616 4.
524 2591 620 2617 Lmz1
638 2593 732 2624 Saggio
750 2592 785 2617 Τ.
807 2591 829 2619 l.
848 2600 875 2625 p.
890 2592 940 2618 115
956 2600 1013 2626 sqq.
1151 2590 1182 2625 †)
1201 2592 1295 2618 ΒΑΗ]
1314 2594 1336 2626 1,
1360 2595 1419 2619 130.

309 2634 356 2670 st)
373 2639 491 2663 Etruolrer
512 2639 549 2672 ΙΙ,
570 2648 595 2673 p.
612 2640 662 2665 311
678 2648 736 2674 sqq.
1156 2638 1200 2673 ††)
1219 2640 1527 2668 MunusVicronmus
1539 2638 1650 2673 p.2459.
1670 2639 1765 2663 Laui
1782 2647 1806 2672 p.
1819 2639 1876 2665 118.

1458 2693 1497 2721 10
