2242 2976
601 248 950 283 -INSCRIPTIONES
973 249 1376 284 CAR'I'HAGINENSES
1398 250 1527 286 1-1v,
1806 257 1875 294 171

258 343 384 388 (Melit.
405 346 434 376 3.
459 343 570 376 Carth.
595 347 625 377 6.
646 343 776 377 Numid.
802 344 937 386 1-ι-4),
965 346 998 376 in
1021 343 1152 388 reliquis
1173 343 1304 388 (Carth.
1329 347 1442 389 inae)
1471 347 1562 383 Baal,
1582 345 1757 380 Chamauos
1780 359 1876 392 copu—

255 400 340 433 latur
355 412 427 433 cum
442 401 528 433 idolo
546 401 696 434 muliebri
711 411 771 435 mn
784 413 810 434 s.
824 400 1001 433 Artemide.
1035 400 1211 444 Imaginem
1225 409 1332 434 autem
1350 404 1489 436 numinis
1506 404 1606 436 habes
1621 406 1653 436 in
1670 412 1876 438 monumento

254 455 427 489 Numidico
455 459 559 500 primo
589 459 658 500 (no.
685 459 767 500 5⁷),
803 457 859 489 ubi
887 456 971 490 Baal
1000 457 1160 490 flammam
1189 459 1293 500 capite
1321 459 1445 491 radiato
1475 462 1671 503 conspicitur
1701 463 1734 493 in
1757 462 1877 495 sacello

255 514 377 555 positus
407 514 486 555 duas
517 513 701 546 arbusculas
730 524 828 546 manu
858 520 989 553 tenens,
1024 521 1139 556 atque,
1176 525 1217 546 na
1240 514 1366 546 dubites
1389 515 1452 548 Dei
1474 516 1598 549 Solaris
1620 519 1794 561 imaginem
1817 519 1877 551 tibi

253 569 401 612 depingi,
439 572 549 603 rudior
576 570 662 603 Solis
690 572 798 613 imago
828 571 1025 613 superiorem
1054 569 1171 612 lapidis
1201 578 1321 613 partem
1349 579 1500 615 occupat,
1533 575 1610 606 item
1639 576 1672 606 in
1696 574 1825 608 Numid.
1841 580 1875 615 4,

254 625 324 657 ubi>
341 626 473 658 brachia
496 628 566 659 eius
587 629 621 659 in
644 632 723 659 uvas
751 633 783 658 et
803 625 889 658 mala
910 627 1027 669 punica
1047 634 1193 659 exeunt.»
1222 626 1429 670 Significatur
1451 628 1513 661 hoc
1535 630 1741 670 emblemate,
1772 632 1875 665 solem

254 692 273 713 a
301 682 419 716 Poenis
446 683 564 716 cultum
593 683 759 726 titulisque
788 682 982 715 celebratum
1013 693 1087 715 esse
1114 689 1222 725 utpote
1254 683 1428 716 fertilitatis
1456 693 1488 716 et
1506 688 1697 729 omnigenae
1719 688 1875 722 ubertatis

223 782 225 785 .
253 739 417 779 datorem,
434 737 536 783 'quod
558 741 661 783 magis
680 741 779 772 etiam
801 745 940 787 arguunt
961 738 1103 782 reliquae
1125 740 1283 782 imagines
1305 742 1340 772 in
1363 740 1414 773 his
1433 740 1593 784 lapidibus
1615 745 1818 786 conspicuae,
1840 754 1876 778 ut

253 796 346 834 ovis,
375 798 467 838 equi,-
498 806 615 831 vaccae
638 797 710 839 (no.
733 797 813 837 59),
845 797 969 835 avium,
999 797 1151 838 piscium,
1179 796 1347 836 arborum,
1376 797 1536 830 fructuum
1558 806 1590 831 et
1611 799 1738 832 florum.

378 851 543 885 Disertam
575 853 754 885 flammans
779 853 863 895 apud
891 859 1015 884 veteres
1044 854 1219 895 scriptores
1241 856 1437 887 mentionem
1469 855 1523 887 diu
1552 856 1750 897 desideravi,
1788 860 1873 902 quod

246 907 329 939 olim
360 908 445 940 male
471 921 524 941 me
552 909 709 949 habebat,
741 920 838 952 quum
869 905 927 940 vi'x
953 908 1121 951 probabile
1152 910 1344 949 videretur,
1370 921 1497 944 omnem
1528 914 1669 945 numinis
1689 921 1777 946 tanta
1800 925 1873 948 cum

250 962 408 1006 religione
430 976 451 996 a
471 965 686 998 Poenimculti
710 967 905 997 mentionem
924 966 1098 996 interiisse.
1142 964 1288 998 Tandem
1308 967 1406 998 incidi
1427 969 1459 998 in
1482 968 1564 1000 duos
1586 968 1675 1001 locos
1692 970 1873 1012 Strabonis,

250 1019 366 1061 quibus
388 1021 428 1053 ad
447 1023 672 1064 inscriptiones
694 1027 820 1054 nostras
842 1019 1048 1052 illustrandas
1070 1020 1152 1052 nihil
1172 1023 1444 1055 accommodatius
1472 1031 1506 1055 et
1528 1027 1715 1067 ⁴exoptatius
1739 1030 1875 1070 cogitari

249 1082 363 1118 potest.
407 1076 683 1115 Quemadmodum
707 1078 792 1109 enim
814 1078 848 1108 in
870 1076 922 1108 his
943 1076 1045 1109 titulis
1067 1086 1132 1125 7721}
1148 1079 1211 1120 szz-
1226 1077 1394 1120 copulatur
1408 1089 1481 1111 cum
1497 1080 1568 1112 Dea
1582 1090 1644 1115 nnn
1661 1083 1684 1113 i.
1699 1093 1726 1114 e.
1741 1083 1875 1118 Tanaiti

250 1138 283 1164 et
302 1131 432 1172 Αιιιιῑιὶ,
458 1133 664 1177 Carthaginis
688 1135 844 1166 daemone
864 1135 1008 1174 tutelari,
1036 1136 1068 1166 ei
1090 1141 1195 1167 tamen
1218 1141 1328 1177 utpote
1351 1137 1474 1169 numini
1488 1138 1644 1179 primario*
1662 1142 1871 1181 postponitur,

248 1189 295 1221 itu
325 1190 412 1232 apud
434 1191 558 1223 Persas
587 1191 735 1223 Amanus
756 1203 782 1223 s.
809 1192 947 1223 Omanus
969 1193 1153 1223 communia
1173 1202 1247 1222 cum
1269 1191 1379 1223 Ana'iti
1408 1192 1526 1236 templa
1547 1193 1705 1234 habebat,
1735 1198 1869 1229 minoris

249 1251 355 1278 tamen
382 1248 579 1279 auctoritatis
612 1258 706 1290 quam
728 1249 798 1290 ipsa
819 1249 879 1280 dea
901 1248 1001 1280 fuisse
1025 1247 1160 1279 videtur.
1205 1247 1321 1280 Strabo
1343 1248 1404 1288 XI,
1419 1253 1439 1281 8
1461 1251 1489 1288 9.
1509 1254 1532 1282 4
1554 1251 1593 1282 de
1616 1251 1707 1283 Sacis
1729 1252 1870 1286 Saccaea

184 1318 187 1321 ⁴
248 1299 501 1335 celebrantibus:
530 1303 566 1335 τὸ
588 1307 643 1345 τῆς
664 1303 884 1342 :Arainon
905 1305 955 1336 καὶ
976 1303 1012 1336 τὸ
1034 1307 1098 1336 τῶν
1118 1303 1346 1345 συμβώμων
1367 1306 1452 1337 θεῶν
1473 1305 1556 1347 ἱερὸν
1577 1306 1743 1348 &gabaam
1759 1308 1868 1350 Ὠμα-

247 1361 317 1390 νοῦ
339 1359 405 1400 (ita
426 1360 536 1398 codd„
558 1360 632 1392 edd.
650 1359 804 1403 Ἀμανοῦ)
826 1362 876 1393 καὶ
893 1360 1082 1393 Ἀνανδάτου
1101 1362 1263 1402 Πέρσικῶν
1279 1361 1444 1401 δαιμόνων.
1488 1363 1570 1403 (Pro
1587 1363 1777 1396 Ἀνανδάτου
1796 1376 1868 1398 cum

248 1413 322 1447 aliis
350 1414 461 1448 inalim
491 1415 686 1456 Ἀμανδάτου
715 1425 823 1452 namn
852 1428 873 1449 a
902 1416 981 1449 Sole
1005 1412 1137 1456 datvm,
1174 1423 1210 1448 ut
1235 1416 1323 1449 filius
1352 1419 1507 1460 geniusve
1526 1418 1625 1451 'Solis
1659 1419 1867 1464 intelligatur.

247 1469 370 1503 Reiand
394 1472 471 1504 diss.
487 1472 620 1504 miscell.
636 1473 679 1512 ΙΙ,
696 1484 725 1515 p.
743 1477 802 1505 123
825 1475 1004 1515 suspicatur
1018 1472 1213 1514 Ἀμορδάτου
1234 1475 1327 1522 elesii
1341 1476 1364 1520 )
1407 1474 1495 1506 Idem
1516 1475 1595 1514 XV,
1619 1479 1638 1508 3
1660 1478 1687 1515 ς.
1705 1480 1742 1509 15
1758 1488 1789 1520 p.
1805 1481 1868 1512 733

247 1527 386 1571 casaub.
414 1533 523 1562 Ταῦτα
543 1531 634 1573 (scil.
657 1534 840 1565 sacerdotes
860 1542 971 1575 preces
992 1532 1097 1563 facere
1120 1531 1242 1564 velatos
1272 1539 1303 1563 et
1326 1535 1487 1575 virgarum
1508 1534 1680 1567 fasciculos
1701 1537 1866 1580 tenentes)

246 1586 279 1618 δῖ’
304 1586 337 1619 ἐν
357 1592 425 1625 τοῖς
444 1590 514 1628 ’ἰῆς
530 1587 761 1626 Ἀνάΐτιδος
783 1590 846 1620 καὶ
868 1591 937 1620 τοῦ
962 1587 1135 1628 Ὠμανοῢ
1164 1588 1263 1629 (edd.
1279 1587 1433 1630 Ὀμιτνοὸ,
1451 1589 1609 1631 Ὠμανὸῢ,
1633 1591 1780 1624 Moscov.
1803 1600 1866 1627 vet.

245 1644 308 1675 int:
334 1643 473 1685 Amani)
502 1643 595 1685 ἱεροῖς
624 1644 815 1685 νενόμισται·
853 1645 971 1677 τούτων
1002 1644 1036 1676 δὲ
1064 1645 1115 1676 καὶ
1143 1646 1235 1686 σηκοί
1268 1646 1344 1683 εἰσι,
1381 1647 1430 1677 καὶ
1461 1647 1571 1685 ξόανον
1602 1651 1670 1679 τοῦ
1695 1648 1866 1690 Ὠμιινοῦ

246 1700 402 1740 πομπεύει.
449 1703 557 1732 Ταῦτα
577 1701 634 1740 μὲν
656 1698 710 1733 οὖν
731 1700 818 1743 ἡμεῖς
840 1700 1035 1742 ἑωράκαμεν·
1066 1700 1163 1733 ἐκεῖνα
1186 1701 1216 1733 δ’
1236 1701 1356 1739 ἔν-ταῖς
1370 1701 1519 1745 inrepleti:
1534 1703 1649 1745 λέγεται
1671 1714 1698 1736 κ.
1715 1717 1743 1736 τ.
1759 1707 1787 1736 λ.
1809 1706 1866 1738 ubi

245 1758 310 1789 iarn
340 1756 534 1790 Bocbartutn
563 1757 692 1800 (geogr.
721 1768 748 1789 s.
786 1768 856 1800 pag.
879 1758 960 1799 245)
1001 1764 1097 1800 atque
1125 1757 1275 1798 Hydeum
1304 1759 1366 1800 (de
1388 1760 1453 1791 rel.
1486 1767 1561 1791 vet.
1581 1761 1669 1792 Pers.
1704 1772 1778 1804 pag.
1802 1763 1864 1804 94)

246 1812 407 1844 Omannm
429 1824 500 1844 cum
521 1822 619 1859 nimi-1
643 1813 747 1844 obiter
762 1824 963 1856 comparasse
979 1814 1084 1845 video.
1129 1813 1284 1846 Occurrat
1301 1815 1384 1846 sorte
1400 1816 1525 1858 aliquis,
1551 1819 1731 1848 communia
1747 1817 1866 1850 Omani

246 1882 272 1902 s.
297 1869 415 1901 Amani
438 1876 470 1901 et
490 1868 651 1900 Ana'itidis
674 1880 765 1901 sacra
787 1870 870 1912 apud
894 1870 1083 1901 Strabonem
1108 1870 1235 1911 Scythis
1267 1878 1299 1902 et
1326 1871 1433 1903 Persis
1456 1872 1573 1912 tribui,
1603 1875 1698 1916 idque
1721 1874 1803 1906 nihil
1824 1876 1864 1907 ad

244 1924 433 1958 Phoenices.
482 1925 548 1957 Sed
584 1927 612 1957 is
651 1931 775 1957 memor
792 1923 878 1964 sit,
895 1926 1034 1958 Saccaea
1067 1937 1086 1957 a
1117 1925 1244 1967 Scythis
1274 1927 1436 1959 celebrata
1464 1929 1579 1960 festum
1609 1929 1710 1961 fuisse
1740 1931 1864 1974 origine

244 1981 477 2023 Babylonicum
509 1982 560 2024 (v.
590 1981 711 2013 Athen.
740 1979 798 2020 14,
823 1984 863 2014 10
893 1982 1002 2026 ibique
1033 1981 1169 2016 casaub.
1199 1982 1410 2025 Hesych.11,
1435 1986 1552 2027 1139),
1590 1993 1622 2017 et
1650 1986 1812 2019 Ana’itidis
1837 2000 1863 2020 s.

244 2038 384 2071 Veneris
407 2037 548 2071 Uraniae
570 2038 687 2070 cultum
712 2045 793 2069 teste
816 2029 981 2071 Herodoto
1012 2041 1061 2081 (1,
1088 2040 1167 2082 131)
1192 2040 1232 2072 ab
1254 2040 1398 2082 Assyriis
1421 2043 1442 2074 i.
1459 2053 1491 2082 e.
1515 2041 1705 2084 Babyloniis
1728 2050 1759 2075 et
1782 2043 1863 2076 Ara—

244 2095 339 2127 bibus
355 2104 427 2127 esse
443 2096 619 2137 repetitum.
633 2113 676 2118 --
697 2093 750 2126 Ad
763 2094 960 2136 Babylonios
972 2096 1185 2129 Hammtmum
1202 2096 1363 2129 colentes
1354 2109 1419 2129 lam
1434 2097 1559 2130 delatus
1576 2110 1729 2142 quaerere
1746 2103 1862 2143 possis,

243 2153 326 2183 sitne
348 2151 454 2195 aliqua
476 2153 560 2183 inter
587 2160 652 2198 ’ρειη
674 2158 705 2182 et
725 2150 856 2192 Ὠαννην
880 2153 1093 2185 necessitudo.
1137 2154 1202 2185 Sed
1226 2153 1307 2185 haec
1329 2153 1528 2207 Mythologis
1551 2155 1742 2198 disputanda
1763 2157 1863 2189 relin-

243 2209 368 2252 quimus
393 2208 441 2249 (v.
464 2207 619 2239 Creuzeri
639 2206 783 2249 Symbol.
806 2207 848 2246 ΙΙ,
874 2219 900 2250 p.
916 2210 952 2240 31
970 2201 1048 2249 not.)
1070 2209 1165 2241 aliam
1188 2221 1273 2241 nunc
1295 2212 1512 2267 quaestionem
1535 2210 1670 2245 strictim
1696 2215 1861 2245 tractaturi

243 2275 314 2296 cum
343 2272 530 2307 argumento
554 2272 662 2296 nostro
687 2263 817 2306 propius
837 2265 1046 2296 coniunctam.

369 2320 514 2364 Namque
537 2322 575 2353 de
598 2322 722 2363 origine
745 2323 960 2352 communium
981 2323 1067 2364 apud
1089 2322 1214 2354 Poenos
1237 2323 1414 2369 Persasque
1433 2323 1608 2357 Hammani
1630 2333 1662 2357 et
1678 2319 1859 2358 Tanaitidis

242 2378 299 2419 (m
301 2377 342 2420 n)
373 2387 537 2410 sacrorum
568 2377 791 2420 quaerentibus
815 2377 924 2416 nobis,
963 2384 994 2409 et
1016 2377 1112 2421 longe
1134 2379 1301 2430 plerasque
1323 2371 1505 2427 Poenorum
1528 2381 1703 2424 religiones
1726 2378 1859 2424 originis

243 2432 446 2485 aegyptiacae
469 2445 540 2467 esse
562 2435 588 2476 *)
611 2433 832 2486 reputantibus
856 2441 970 2477 sponte
993 2437 1148 2468 succurrit
1170 2447 1210 2468 ea
1216 2429 1400 2481 cogitatio,
1435 2439 1530 2469 etiam
1553 2437 1668 2470 horum
1692 2440 1856 2469 numinum
1913 2463 1915 2465 ,

371 2514 536 2522 ...--.ι--.
543 2517 619 2521 *—

296 2559 321 2593 ⁸>
335 2562 619 2590 Decultu'oabmiiet
633 2564 764 2597 Serapidis
778 2564 847 2597 apud
860 2562 1014 2591 Plioenices
1082 2564 1128 2593 lib.
1155 2565 1207 2599 111,
1229 2567 1271 2592 13.
1311 2566 1456 2592 Praeterea
1478 2566 1650 2601 aegyptiacae
1675 2564 1786 2598 originis
1813 2568 1855 2590 est

246 2610 362 2636 diximus
389 2611 422 2636 ad
442 2610 522 2636 inser.
545 2611 632 2637 Melit.
655 2614 688 2644 1,
711 2612 747 2638 cf.
766 2620 861 2639 munos
879 2612 1013 2647 Cossyxae
1083 2614 1169 2639 cultus
1198 2614 1298 2639 Esmfae'ni
1325 2622 1345 2639 s.
1375 2614 1530 2648 Aesculapii
1563 2613 1634 2646 (vid.
1663 2613 1697 2638 ad
1725 2611 1777 2638 cit.
1799 2611 1852 2646 ⁴¹35

1399 2666 1476 2695 22*
