<?xml version="1.0" encoding="UTF-8"?>
<!DOCTYPE html PUBLIC "-//W3C//DTD XHTML 1.0 Transitional//EN"
    "http://www.w3.org/TR/xhtml1/DTD/xhtml1-transitional.dtd">
<html xmlns="http://www.w3.org/1999/xhtml" xml:lang="en" lang="en">
 <head>
  <title>
</title>
<meta http-equiv="Content-Type" content="text/html;charset=utf-8" />
  <meta name='ocr-system' content='tesseract 3.04.00' />
  <meta name='ocr-capabilities' content='ocr_page ocr_carea ocr_par ocr_line ocrx_word'/>
</head>
<body>
  <div class='ocr_page' id='page_1' title='image "./scripturaelingua00geseuoft_0111.png"; bbox 0 0 2242 2976; ppageno 0'>
   <div class='ocr_carea' id='block_1_1' title="bbox 332 275 1920 318">
    <p class='ocr_par' dir='ltr' id='par_1_1' title="bbox 332 275 1920 318">
     <span class='ocr_line' id='line_1_1' title="bbox 332 275 1920 318; baseline 0.003 -8"><span class='ocrx_word' id='word_1_1' title='bbox 332 275 708 310; x_wconf 84' lang='lat' dir='ltr'><strong>PALAEOGRAPHIA</strong></span> <span class='ocrx_word' id='word_1_2' title='bbox 722 276 1006 311; x_wconf 77' lang='lat' dir='ltr'><strong>COMPARATA.</strong></span> <span class='ocrx_word' id='word_1_3' title='bbox 1050 277 1089 311; x_wconf 87' lang='grc' dir='ltr'><strong>Β.</strong></span> <span class='ocrx_word' id='word_1_4' title='bbox 1106 277 1314 317; x_wconf 83' lang='lat' dir='ltr'><strong>ANTIQUA</strong></span> <span class='ocrx_word' id='word_1_5' title='bbox 1327 277 1567 312; x_wconf 85' lang='lat' dir='ltr'><strong>PERSARUM</strong></span> <span class='ocrx_word' id='word_1_6' title='bbox 1580 278 1839 314; x_wconf 83' lang='lat' dir='ltr'><strong>SCRIPTURA.</strong></span> <span class='ocrx_word' id='word_1_7' title='bbox 1871 285 1920 318; x_wconf 92' lang='lat'><strong>77</strong></span> 
     </span>
    </p>
   </div>
   <div class='ocr_carea' id='block_1_2' title="bbox 287 370 1929 750">
    <p class='ocr_par' dir='ltr' id='par_1_2' title="bbox 287 370 1929 640">
     <span class='ocr_line' id='line_1_2' title="bbox 416 370 1921 416; baseline 0.003 -14"><span class='ocrx_word' id='word_1_8' title='bbox 416 370 466 403; x_wconf 86' lang='lat' dir='ltr'><strong>Ac</strong></span> <span class='ocrx_word' id='word_1_9' title='bbox 485 372 623 414; x_wconf 87' lang='lat' dir='ltr'><strong>primum</strong></span> <span class='ocrx_word' id='word_1_10' title='bbox 645 372 773 414; x_wconf 89' lang='lat' dir='ltr'><strong>quidem</strong></span> <span class='ocrx_word' id='word_1_11' title='bbox 797 371 842 412; x_wconf 89' lang='lat' dir='ltr'><strong>A)</strong></span> <span class='ocrx_word' id='word_1_12' title='bbox 865 371 1014 414; x_wconf 89' lang='lat' dir='ltr'><strong>Koppius</strong></span> <span class='ocrx_word' id='word_1_13' title='bbox 1037 371 1339 416; x_wconf 66' lang='lat' dir='ltr'><strong>illamscripturam</strong></span> <span class='ocrx_word' id='word_1_14' title='bbox 1363 396 1385 413; x_wconf 91' lang='lat'><strong>,‚</strong></span> <span class='ocrx_word' id='word_1_15' title='bbox 1395 373 1618 416; x_wconf 87' lang='lat' dir='ltr'><strong>babylonicam</strong></span> <span class='ocrx_word' id='word_1_16' title='bbox 1627 377 1649 394; x_wconf 90' lang='lat'><strong>“</strong></span> <span class='ocrx_word' id='word_1_17' title='bbox 1678 376 1777 407; x_wconf 87' lang='lat' dir='ltr'><strong>totius</strong></span> <span class='ocrx_word' id='word_1_18' title='bbox 1799 374 1921 407; x_wconf 84' lang='lat' dir='ltr'><strong>littera-</strong></span> 
     </span>
     <span class='ocr_line' id='line_1_3' title="bbox 289 428 1920 477; baseline 0.002 -17"><span class='ocrx_word' id='word_1_19' title='bbox 289 435 381 460; x_wconf 82' lang='lat' dir='ltr'><strong>turae</strong></span> <span class='ocrx_word' id='word_1_20' title='bbox 403 428 679 470; x_wconf 86' lang='lat' dir='ltr'><strong>antiquissimam,</strong></span> <span class='ocrx_word' id='word_1_21' title='bbox 708 429 778 470; x_wconf 76' lang='lat' dir='ltr'><strong>ipsa</strong></span> <span class='ocrx_word' id='word_1_22' title='bbox 798 428 972 460; x_wconf 87' lang='lat' dir='ltr'><strong>Phoenicia</strong></span> <span class='ocrx_word' id='word_1_23' title='bbox 994 431 1193 471; x_wconf 85' lang='lat' dir='ltr'><strong>superiorem</strong></span> <span class='ocrx_word' id='word_1_24' title='bbox 1216 440 1287 461; x_wconf 89' lang='lat' dir='ltr'><strong>esse</strong></span> <span class='ocrx_word' id='word_1_25' title='bbox 1311 437 1437 470; x_wconf 85' lang='lat' dir='ltr'><strong>censet,</strong></span> <span class='ocrx_word' id='word_1_26' title='bbox 1470 441 1551 473; x_wconf 85' lang='lat' dir='ltr'><strong>quae</strong></span> <span class='ocrx_word' id='word_1_27' title='bbox 1568 430 1609 463; x_wconf 90' lang='lat' dir='ltr'><strong>ab</strong></span> <span class='ocrx_word' id='word_1_28' title='bbox 1626 432 1729 474; x_wconf 89' lang='lat' dir='ltr'><strong>ipsius</strong></span> <span class='ocrx_word' id='word_1_29' title='bbox 1743 432 1920 477; x_wconf 70' lang='lat' dir='ltr'><strong>scripturae</strong></span> 
     </span>
     <span class='ocr_line' id='line_1_4' title="bbox 287 483 1918 530; baseline 0.003 -15"><span class='ocrx_word' id='word_1_30' title='bbox 287 485 474 522; x_wconf 84' lang='lat' dir='ltr'><strong>inventione</strong></span> <span class='ocrx_word' id='word_1_31' title='bbox 505 484 618 526; x_wconf 85' lang='lat' dir='ltr'><strong>(quam</strong></span> <span class='ocrx_word' id='word_1_32' title='bbox 642 483 831 525; x_wconf 81' lang='lat' dir='ltr'>Babyloniis</span> <span class='ocrx_word' id='word_1_33' title='bbox 854 483 910 516; x_wconf 90' lang='lat' dir='ltr'><strong>ille</strong></span> <span class='ocrx_word' id='word_1_34' title='bbox 932 486 1037 527; x_wconf 87' lang='lat' dir='ltr'><strong>potius</strong></span> <span class='ocrx_word' id='word_1_35' title='bbox 1067 496 1161 528; x_wconf 88' lang='lat' dir='ltr'><strong>quam</strong></span> <span class='ocrx_word' id='word_1_36' title='bbox 1190 486 1406 518; x_wconf 78' lang='lat' dir='ltr'><strong>Phoenicibus</strong></span> <span class='ocrx_word' id='word_1_37' title='bbox 1437 486 1568 528; x_wconf 84' lang='lat' dir='ltr'><strong>tribuit)</strong></span> <span class='ocrx_word' id='word_1_38' title='bbox 1600 488 1744 519; x_wconf 90' lang='lat' dir='ltr'><strong>omnium</strong></span> <span class='ocrx_word' id='word_1_39' title='bbox 1772 489 1918 530; x_wconf 85' lang='lat' dir='ltr'><strong>proxime</strong></span> 
     </span>
     <span class='ocr_line' id='line_1_5' title="bbox 288 539 1918 587; baseline 0.002 -14"><span class='ocrx_word' id='word_1_40' title='bbox 288 539 388 573; x_wconf 86' lang='lat' dir='ltr'><strong>absit:</strong></span> <span class='ocrx_word' id='word_1_41' title='bbox 425 539 570 584; x_wconf 81' lang='lat' dir='ltr'><strong>linguam</strong></span> <span class='ocrx_word' id='word_1_42' title='bbox 605 551 684 572; x_wconf 87' lang='lat' dir='ltr'><strong>vero</strong></span> <span class='ocrx_word' id='word_1_43' title='bbox 719 540 893 574; x_wconf 76' lang='lat' dir='ltr'><strong>hebraeam</strong></span> <span class='ocrx_word' id='word_1_44' title='bbox 925 552 996 573; x_wconf 87' lang='lat' dir='ltr'><strong>esse</strong></span> <span class='ocrx_word' id='word_1_45' title='bbox 1032 543 1161 582; x_wconf 84' lang='lat' dir='ltr'><strong>statuit,</strong></span> <span class='ocrx_word' id='word_1_46' title='bbox 1206 544 1387 587; x_wconf 85' lang='lat' dir='ltr'><strong>priorisque</strong></span> <span class='ocrx_word' id='word_1_47' title='bbox 1425 544 1644 586; x_wconf 83' lang='lat' dir='ltr'><strong>inscriptionis</strong></span> <span class='ocrx_word' id='word_1_48' title='bbox 1682 550 1753 576; x_wconf 89' lang='lat' dir='ltr'><strong>octo</strong></span> <span class='ocrx_word' id='word_1_49' title='bbox 1793 543 1918 577; x_wconf 83' lang='lat' dir='ltr'><strong>litteras</strong></span> 
     </span>
     <span class='ocr_line' id='line_1_6' title="bbox 287 596 1929 640; baseline 0.002 -12"><span class='ocrx_word' id='word_1_50' title='bbox 287 598 333 630; x_wconf 87' lang='lat' dir='ltr'><strong>ita</strong></span> <span class='ocrx_word' id='word_1_51' title='bbox 355 596 437 640; x_wconf 86' lang='lat' dir='ltr'><strong>legit</strong></span> <span class='ocrx_word' id='word_1_52' title='bbox 458 603 491 629; x_wconf 91' lang='lat' dir='ltr'><strong>et</strong></span> <span class='ocrx_word' id='word_1_53' title='bbox 512 598 740 640; x_wconf 81' lang='lat' dir='ltr'><strong>interpretatur</strong></span> <span class='ocrx_word' id='word_1_54' title='bbox 1925 596 1929 600; x_wconf 83' lang='grc'><strong>’</strong></span> 
     </span>
    </p>

    <p class='ocr_par' dir='ltr' id='par_1_3' title="bbox 874 654 1288 750">
     <span class='ocr_line' id='line_1_7' title="bbox 938 654 1215 700; baseline 0.004 -13"><span class='ocrx_word' id='word_1_55' title='bbox 938 655 986 700; x_wconf 58' lang='grc' dir='ltr'><strong>ηιξ</strong></span> <span class='ocrx_word' id='word_1_56' title='bbox 1016 654 1081 688; x_wconf 62' lang='grc' dir='ltr'><strong>-ιὸπ</strong></span> <span class='ocrx_word' id='word_1_57' title='bbox 1112 655 1215 696; x_wconf 59' lang='lat' dir='ltr'><strong>(aba</strong></span> 
     </span>
     <span class='ocr_line' id='line_1_8' title="bbox 874 711 1288 750; baseline 0.005 -9"><span class='ocrx_word' id='word_1_58' title='bbox 874 711 974 750; x_wconf 85' lang='lat' dir='ltr'><strong>„veni</strong></span> <span class='ocrx_word' id='word_1_59' title='bbox 997 711 1122 743; x_wconf 86' lang='lat' dir='ltr'><strong>duratio</strong></span> <span class='ocrx_word' id='word_1_60' title='bbox 1145 711 1185 743; x_wconf 91' lang='lat' dir='ltr'><strong>ad</strong></span> <span class='ocrx_word' id='word_1_61' title='bbox 1205 714 1288 743; x_wconf 85' lang='lat' dir='ltr'><strong>nos“</strong></span> 
     </span>
    </p>
   </div>
   <div class='ocr_carea' id='block_1_3' title="bbox 287 778 1308 879">
    <p class='ocr_par' dir='ltr' id='par_1_4' title="bbox 287 778 1308 879">
     <span class='ocr_line' id='line_1_9' title="bbox 287 778 856 823; baseline 0 -12"><span class='ocrx_word' id='word_1_62' title='bbox 287 781 311 812; x_wconf 90' lang='lat' dir='ltr'><strong>i.</strong></span> <span class='ocrx_word' id='word_1_63' title='bbox 329 790 358 811; x_wconf 89' lang='lat' dir='ltr'><strong>e.</strong></span> <span class='ocrx_word' id='word_1_64' title='bbox 383 781 428 812; x_wconf 89' lang='lat' dir='ltr'><strong>sit</strong></span> <span class='ocrx_word' id='word_1_65' title='bbox 449 778 544 813; x_wconf 87' lang='lat' dir='ltr'><strong>nobis</strong></span> <span class='ocrx_word' id='word_1_66' title='bbox 564 780 768 823; x_wconf 85' lang='lat' dir='ltr'><strong>perennitas,</strong></span> <span class='ocrx_word' id='word_1_67' title='bbox 803 778 856 811; x_wconf 68' lang='lat' dir='ltr'><strong>vel</strong></span> 
     </span>
     <span class='ocr_line' id='line_1_10' title="bbox 872 837 1308 879; baseline 0.002 -10"><span class='ocrx_word' id='word_1_68' title='bbox 872 847 954 879; x_wconf 87' lang='lat' dir='ltr'><strong>„per</strong></span> <span class='ocrx_word' id='word_1_69' title='bbox 974 837 1008 869; x_wconf 83' lang='lat' dir='ltr'><strong>id</strong></span> <span class='ocrx_word' id='word_1_70' title='bbox 1030 838 1156 869; x_wconf 86' lang='lat' dir='ltr'><strong>duratio</strong></span> <span class='ocrx_word' id='word_1_71' title='bbox 1179 837 1308 870; x_wconf 83' lang='lat' dir='ltr'><strong>nobis.“</strong></span> 
     </span>
    </p>
   </div>
   <div class='ocr_carea' id='block_1_4' title="bbox 278 905 1919 1345">
    <p class='ocr_par' dir='ltr' id='par_1_5' title="bbox 278 905 1919 1345">
     <span class='ocr_line' id='line_1_11' title="bbox 288 905 1917 953; baseline 0.002 -15"><span class='ocrx_word' id='word_1_72' title='bbox 288 905 350 938; x_wconf 88' lang='lat' dir='ltr'><strong>Cui</strong></span> <span class='ocrx_word' id='word_1_73' title='bbox 364 907 492 950; x_wconf 88' lang='lat' dir='ltr'><strong>quidem</strong></span> <span class='ocrx_word' id='word_1_74' title='bbox 507 907 662 950; x_wconf 87' lang='lat' dir='ltr'><strong>opinioni,</strong></span> <span class='ocrx_word' id='word_1_75' title='bbox 678 905 755 938; x_wconf 90' lang='lat' dir='ltr'><strong>licet</strong></span> <span class='ocrx_word' id='word_1_76' title='bbox 768 918 864 949; x_wconf 86' lang='lat' dir='ltr'><strong>saepe</strong></span> <span class='ocrx_word' id='word_1_77' title='bbox 879 914 1000 940; x_wconf 89' lang='lat' dir='ltr'><strong>temere</strong></span> <span class='ocrx_word' id='word_1_78' title='bbox 1014 909 1178 950; x_wconf 81' lang='lat' dir='ltr'><strong>repetitae,</strong></span> <span class='ocrx_word' id='word_1_79' title='bbox 1202 919 1305 951; x_wconf 90' lang='lat' dir='ltr'><strong>neque</strong></span> <span class='ocrx_word' id='word_1_80' title='bbox 1321 909 1497 951; x_wconf 85' lang='lat' dir='ltr'><strong>scripturae</strong></span> <span class='ocrx_word' id='word_1_81' title='bbox 1513 920 1616 952; x_wconf 86' lang='lat' dir='ltr'><strong>neque</strong></span> <span class='ocrx_word' id='word_1_82' title='bbox 1629 908 1760 953; x_wconf 85' lang='lat' dir='ltr'><strong>linguae</strong></span> <span class='ocrx_word' id='word_1_83' title='bbox 1774 910 1917 942; x_wconf 89' lang='lat' dir='ltr'><strong>rationes</strong></span> 
     </span>
     <span class='ocr_line' id='line_1_12' title="bbox 286 961 1917 1009; baseline 0.002 -15"><span class='ocrx_word' id='word_1_84' title='bbox 286 962 407 995; x_wconf 84' lang='lat' dir='ltr'><strong>favent.</strong></span> <span class='ocrx_word' id='word_1_85' title='bbox 453 961 600 1006; x_wconf 87' lang='lat' dir='ltr'><strong>Namque</strong></span> <span class='ocrx_word' id='word_1_86' title='bbox 628 964 816 995; x_wconf 79' lang='lat' dir='ltr'><strong>litterarum</strong></span> <span class='ocrx_word' id='word_1_87' title='bbox 833 963 971 1002; x_wconf 83' lang='lat' dir='ltr'><strong>formae</strong></span> <span class='ocrx_word' id='word_1_88' title='bbox 1000 966 1131 996; x_wconf 89' lang='lat' dir='ltr'><strong>minime</strong></span> <span class='ocrx_word' id='word_1_89' title='bbox 1161 966 1207 996; x_wconf 84' lang='lat' dir='ltr'><strong>ita</strong></span> <span class='ocrx_word' id='word_1_90' title='bbox 1228 972 1429 1007; x_wconf 73' lang='lat' dir='ltr'><strong>comparatae</strong></span> <span class='ocrx_word' id='word_1_91' title='bbox 1452 973 1542 1004; x_wconf 90' lang='lat' dir='ltr'><strong>sunt,</strong></span> <span class='ocrx_word' id='word_1_92' title='bbox 1581 973 1616 997; x_wconf 90' lang='lat' dir='ltr'><strong>ut</strong></span> <span class='ocrx_word' id='word_1_93' title='bbox 1635 966 1813 1009; x_wconf 90' lang='lat' dir='ltr'><strong>phoeniciis</strong></span> <span class='ocrx_word' id='word_1_94' title='bbox 1836 967 1917 998; x_wconf 88' lang='lat' dir='ltr'><strong>anti-</strong></span> 
     </span>
     <span class='ocr_line' id='line_1_13' title="bbox 278 1010 1916 1065; baseline 0.002 -15"><span class='ocrx_word' id='word_1_95' title='bbox 278 1010 451 1062; x_wconf 74' lang='lat' dir='ltr'><strong>quissimis</strong></span> <span class='ocrx_word' id='word_1_96' title='bbox 467 1021 681 1062; x_wconf 84' lang='lat' dir='ltr'><strong>antiquiores,</strong></span> <span class='ocrx_word' id='word_1_97' title='bbox 705 1020 850 1062; x_wconf 85' lang='lat' dir='ltr'><strong>adeoque</strong></span> <span class='ocrx_word' id='word_1_98' title='bbox 867 1019 982 1051; x_wconf 84' lang='lat' dir='ltr'><strong>harum</strong></span> <span class='ocrx_word' id='word_1_99' title='bbox 1004 1026 1122 1052; x_wconf 87' lang='lat' dir='ltr'><strong>matres</strong></span> <span class='ocrx_word' id='word_1_100' title='bbox 1144 1020 1258 1052; x_wconf 89' lang='lat' dir='ltr'><strong>haberi</strong></span> <span class='ocrx_word' id='word_1_101' title='bbox 1280 1021 1413 1063; x_wconf 85' lang='lat' dir='ltr'><strong>possint.</strong></span> <span class='ocrx_word' id='word_1_102' title='bbox 1458 1021 1509 1054; x_wconf 89' lang='lat' dir='ltr'><strong>Ne</strong></span> <span class='ocrx_word' id='word_1_103' title='bbox 1531 1022 1618 1055; x_wconf 68' lang='lat' dir='ltr'><strong>Beth</strong></span> <span class='ocrx_word' id='word_1_104' title='bbox 1640 1030 1673 1054; x_wconf 91' lang='lat' dir='ltr'><strong>et</strong></span> <span class='ocrx_word' id='word_1_105' title='bbox 1694 1022 1803 1055; x_wconf 70' lang='lat' dir='ltr'><strong>Resch</strong></span> <span class='ocrx_word' id='word_1_106' title='bbox 1831 1022 1916 1065; x_wconf 88' lang='lat' dir='ltr'><strong>(tale</strong></span> 
     </span>
     <span class='ocr_line' id='line_1_14' title="bbox 287 1068 1919 1120; baseline 0.001 -12"><span class='ocrx_word' id='word_1_107' title='bbox 287 1077 385 1115; x_wconf 88' lang='lat' dir='ltr'><strong>enim,</strong></span> <span class='ocrx_word' id='word_1_108' title='bbox 408 1086 473 1108; x_wconf 84' lang='lat' dir='ltr'><strong>non</strong></span> <span class='ocrx_word' id='word_1_109' title='bbox 490 1075 617 1108; x_wconf 75' lang='lat' dir='ltr'><strong>Daleth</strong></span> <span class='ocrx_word' id='word_1_110' title='bbox 633 1076 758 1107; x_wconf 79' lang='lat' dir='ltr'><strong>videtur</strong></span> <span class='ocrx_word' id='word_1_111' title='bbox 773 1076 883 1118; x_wconf 87' lang='lat' dir='ltr'><strong>quinta</strong></span> <span class='ocrx_word' id='word_1_112' title='bbox 898 1075 1027 1117; x_wconf 81' lang='lat' dir='ltr'><strong>littera)</strong></span> <span class='ocrx_word' id='word_1_113' title='bbox 1049 1074 1228 1108; x_wconf 87' lang='lat' dir='ltr'><strong>litterarum</strong></span> <span class='ocrx_word' id='word_1_114' title='bbox 1245 1078 1382 1109; x_wconf 88' lang='lat' dir='ltr'><strong>rotunda</strong></span> <span class='ocrx_word' id='word_1_115' title='bbox 1399 1079 1502 1120; x_wconf 85' lang='lat' dir='ltr'><strong>capita</strong></span> <span class='ocrx_word' id='word_1_116' title='bbox 1517 1068 1711 1118; x_wconf 81' lang='lat' dir='ltr'><strong>memorem,</strong></span> <span class='ocrx_word' id='word_1_117' title='bbox 1734 1090 1774 1110; x_wconf 90' lang='lat' dir='ltr'><strong>ne</strong></span> <span class='ocrx_word' id='word_1_118' title='bbox 1790 1079 1919 1111; x_wconf 84' lang='lat' dir='ltr'><strong>Lamed</strong></span> 
     </span>
     <span class='ocr_line' id='line_1_15' title="bbox 288 1131 1916 1178; baseline 0.001 -14"><span class='ocrx_word' id='word_1_119' title='bbox 288 1143 381 1164; x_wconf 88' lang='lat' dir='ltr'><strong>crure</strong></span> <span class='ocrx_word' id='word_1_120' title='bbox 405 1143 536 1171; x_wconf 88' lang='lat' dir='ltr'><strong>carens,</strong></span> <span class='ocrx_word' id='word_1_121' title='bbox 572 1132 640 1164; x_wconf 86' lang='lat' dir='ltr'><strong>Vav</strong></span> <span class='ocrx_word' id='word_1_122' title='bbox 662 1131 713 1164; x_wconf 92' lang='lat' dir='ltr'><strong>bis</strong></span> <span class='ocrx_word' id='word_1_123' title='bbox 737 1132 867 1164; x_wconf 89' lang='lat' dir='ltr'><strong>obvium</strong></span> <span class='ocrx_word' id='word_1_124' title='bbox 888 1131 1027 1175; x_wconf 85' lang='lat' dir='ltr'><strong>figuram</strong></span> <span class='ocrx_word' id='word_1_125' title='bbox 1048 1131 1147 1164; x_wconf 89' lang='lat' dir='ltr'><strong>habet</strong></span> <span class='ocrx_word' id='word_1_126' title='bbox 1168 1132 1208 1165; x_wconf 91' lang='lat' dir='ltr'><strong>ab</strong></span> <span class='ocrx_word' id='word_1_127' title='bbox 1232 1134 1463 1176; x_wconf 83' lang='lat' dir='ltr'><strong>antiquissimis</strong></span> <span class='ocrx_word' id='word_1_128' title='bbox 1486 1136 1537 1177; x_wconf 90' lang='lat' dir='ltr'><strong>(v.</strong></span> <span class='ocrx_word' id='word_1_129' title='bbox 1560 1137 1588 1174; x_wconf 72' lang='grc' dir='ltr'><strong>ξ.</strong></span> <span class='ocrx_word' id='word_1_130' title='bbox 1603 1138 1643 1168; x_wconf 90' lang='grc'><strong>17</strong></span> <span class='ocrx_word' id='word_1_131' title='bbox 1662 1134 1770 1178; x_wconf 91' lang='lat' dir='ltr'><strong>ibique</strong></span> <span class='ocrx_word' id='word_1_132' title='bbox 1785 1135 1916 1176; x_wconf 88' lang='lat' dir='ltr'><strong>notam)</strong></span> 
     </span>
     <span class='ocr_line' id='line_1_16' title="bbox 288 1185 1917 1234; baseline 0.001 -14"><span class='ocrx_word' id='word_1_133' title='bbox 288 1185 382 1231; x_wconf 77' lang='lat' dir='ltr'><strong>plane</strong></span> <span class='ocrx_word' id='word_1_134' title='bbox 399 1188 554 1227; x_wconf 86' lang='lat' dir='ltr'><strong>alienam,</strong></span> <span class='ocrx_word' id='word_1_135' title='bbox 585 1199 667 1230; x_wconf 87' lang='lat' dir='ltr'><strong>quae</strong></span> <span class='ocrx_word' id='word_1_136' title='bbox 691 1189 820 1220; x_wconf 88' lang='lat' dir='ltr'><strong>nonnisi</strong></span> <span class='ocrx_word' id='word_1_137' title='bbox 837 1190 871 1220; x_wconf 91' lang='lat' dir='ltr'><strong>in</strong></span> <span class='ocrx_word' id='word_1_138' title='bbox 892 1188 1091 1230; x_wconf 86' lang='lat' dir='ltr'><strong>Palmyrenis</strong></span> <span class='ocrx_word' id='word_1_139' title='bbox 1110 1196 1141 1220; x_wconf 89' lang='lat' dir='ltr'><strong>et</strong></span> <span class='ocrx_word' id='word_1_140' title='bbox 1161 1190 1194 1220; x_wconf 91' lang='lat' dir='ltr'><strong>in</strong></span> <span class='ocrx_word' id='word_1_141' title='bbox 1214 1189 1345 1221; x_wconf 87' lang='lat' dir='ltr'><strong>Persica</strong></span> <span class='ocrx_word' id='word_1_142' title='bbox 1366 1192 1523 1233; x_wconf 86' lang='lat' dir='ltr'><strong>scriptura</strong></span> <span class='ocrx_word' id='word_1_143' title='bbox 1545 1193 1626 1233; x_wconf 90' lang='lat' dir='ltr'><strong>(tab.</strong></span> <span class='ocrx_word' id='word_1_144' title='bbox 1641 1195 1669 1223; x_wconf 85' lang='lat'><strong>4.</strong></span> <span class='ocrx_word' id='word_1_145' title='bbox 1685 1191 1726 1234; x_wconf 89' lang='lat'><strong>5)</strong></span> <span class='ocrx_word' id='word_1_146' title='bbox 1750 1193 1917 1233; x_wconf 88' lang='lat' dir='ltr'><strong>reperitur.</strong></span> 
     </span>
     <span class='ocr_line' id='line_1_17' title="bbox 289 1243 1918 1291; baseline 0.002 -15"><span class='ocrx_word' id='word_1_147' title='bbox 289 1243 394 1276; x_wconf 89' lang='lat' dir='ltr'><strong>Multo</strong></span> <span class='ocrx_word' id='word_1_148' title='bbox 424 1245 530 1276; x_wconf 89' lang='lat' dir='ltr'><strong>minus</strong></span> <span class='ocrx_word' id='word_1_149' title='bbox 559 1252 666 1276; x_wconf 87' lang='lat' dir='ltr'><strong>autem</strong></span> <span class='ocrx_word' id='word_1_150' title='bbox 695 1244 728 1287; x_wconf 92' lang='lat' dir='ltr'><strong>b)</strong></span> <span class='ocrx_word' id='word_1_151' title='bbox 751 1244 895 1287; x_wconf 88' lang='lat' dir='ltr'><strong>linguam</strong></span> <span class='ocrx_word' id='word_1_152' title='bbox 923 1244 1096 1276; x_wconf 86' lang='lat' dir='ltr'><strong>hebraeam</strong></span> <span class='ocrx_word' id='word_1_153' title='bbox 1125 1253 1294 1288; x_wconf 86' lang='lat' dir='ltr'><strong>exspectes</strong></span> <span class='ocrx_word' id='word_1_154' title='bbox 1317 1248 1350 1278; x_wconf 89' lang='lat' dir='ltr'><strong>in</strong></span> <span class='ocrx_word' id='word_1_155' title='bbox 1374 1254 1580 1280; x_wconf 88' lang='lat' dir='ltr'><strong>monumento</strong></span> <span class='ocrx_word' id='word_1_156' title='bbox 1601 1249 1733 1291; x_wconf 85' lang='lat' dir='ltr'><strong>antiquo</strong></span> <span class='ocrx_word' id='word_1_157' title='bbox 1755 1249 1788 1279; x_wconf 91' lang='lat' dir='ltr'><strong>in</strong></span> <span class='ocrx_word' id='word_1_158' title='bbox 1811 1247 1918 1289; x_wconf 80' lang='lat' dir='ltr'><strong>Baby-</strong></span> 
     </span>
     <span class='ocr_line' id='line_1_18' title="bbox 287 1299 1917 1345; baseline 0.002 -14"><span class='ocrx_word' id='word_1_159' title='bbox 287 1299 378 1332; x_wconf 92' lang='lat' dir='ltr'><strong>lonia</strong></span> <span class='ocrx_word' id='word_1_160' title='bbox 407 1301 542 1343; x_wconf 87' lang='lat' dir='ltr'><strong>scripto,</strong></span> <span class='ocrx_word' id='word_1_161' title='bbox 579 1301 643 1332; x_wconf 86' lang='lat' dir='ltr'><strong>nisi</strong></span> <span class='ocrx_word' id='word_1_162' title='bbox 679 1301 764 1332; x_wconf 84' lang='lat' dir='ltr'><strong>forte</strong></span> <span class='ocrx_word' id='word_1_163' title='bbox 793 1301 833 1332; x_wconf 91' lang='lat' dir='ltr'><strong>ab</strong></span> <span class='ocrx_word' id='word_1_164' title='bbox 862 1300 986 1333; x_wconf 86' lang='lat' dir='ltr'><strong>Judaeo</strong></span> <span class='ocrx_word' id='word_1_165' title='bbox 1008 1301 1055 1334; x_wconf 92' lang='lat' dir='ltr'><strong>ibi</strong></span> <span class='ocrx_word' id='word_1_166' title='bbox 1077 1301 1173 1333; x_wconf 86' lang='lat' dir='ltr'><strong>exule</strong></span> <span class='ocrx_word' id='word_1_167' title='bbox 1196 1302 1276 1334; x_wconf 85' lang='lat' dir='ltr'><strong>haec</strong></span> <span class='ocrx_word' id='word_1_168' title='bbox 1300 1304 1418 1345; x_wconf 88' lang='lat' dir='ltr'><strong>scripta</strong></span> <span class='ocrx_word' id='word_1_169' title='bbox 1439 1315 1511 1337; x_wconf 90' lang='lat' dir='ltr'><strong>esse</strong></span> <span class='ocrx_word' id='word_1_170' title='bbox 1533 1306 1657 1337; x_wconf 83' lang='lat' dir='ltr'><strong>statuis.</strong></span> <span class='ocrx_word' id='word_1_171' title='bbox 1701 1305 1743 1336; x_wconf 84' lang='lat' dir='ltr'><strong>Et</strong></span> <span class='ocrx_word' id='word_1_172' title='bbox 1765 1311 1814 1336; x_wconf 93' lang='lat' dir='ltr'><strong>est</strong></span> <span class='ocrx_word' id='word_1_173' title='bbox 1836 1303 1917 1335; x_wconf 84' lang='lat' dir='ltr'><strong>haec</strong></span> 
     </span>
    </p>
   </div>
   <div class='ocr_carea' id='block_1_5' title="bbox 288 1383 1914 1706">
    <p class='ocr_par' dir='ltr' id='par_1_6' title="bbox 288 1383 1914 1706">
     <span class='ocr_line' id='line_1_19' title="bbox 414 1383 1914 1431; baseline 0.002 -15"><span class='ocrx_word' id='word_1_174' title='bbox 414 1383 458 1426; x_wconf 93' lang='lat' dir='ltr'><strong>B)</strong></span> <span class='ocrx_word' id='word_1_175' title='bbox 484 1384 597 1427; x_wconf 76' lang='lat' dir='ltr'><strong>Hugii</strong></span> <span class='ocrx_word' id='word_1_176' title='bbox 616 1385 794 1423; x_wconf 87' lang='lat' dir='ltr'><strong>sententia,</strong></span> <span class='ocrx_word' id='word_1_177' title='bbox 825 1385 880 1427; x_wconf 84' lang='lat' dir='ltr'><strong>qui</strong></span> <span class='ocrx_word' id='word_1_178' title='bbox 900 1384 989 1417; x_wconf 90' lang='lat' dir='ltr'><strong>illius</strong></span> <span class='ocrx_word' id='word_1_179' title='bbox 1011 1386 1229 1427; x_wconf 86' lang='lat' dir='ltr'><strong>inscriptionis</strong></span> <span class='ocrx_word' id='word_1_180' title='bbox 1251 1386 1352 1419; x_wconf 83' lang='lat' dir='ltr'><strong>verba</strong></span> <span class='ocrx_word' id='word_1_181' title='bbox 1372 1389 1613 1431; x_wconf 81' lang='lat' dir='ltr'><strong>interpretatur:</strong></span> <span class='ocrx_word' id='word_1_182' title='bbox 1642 1399 1709 1431; x_wconf 78' lang='lat' dir='ltr'><strong>per</strong></span> <span class='ocrx_word' id='word_1_183' title='bbox 1729 1387 1790 1419; x_wconf 80' lang='grc' dir='ltr'><strong>Ιιοσ</strong></span> <span class='ocrx_word' id='word_1_184' title='bbox 1813 1388 1914 1430; x_wconf 88' lang='lat' dir='ltr'><strong>(opus</strong></span> 
     </span>
     <span class='ocr_line' id='line_1_20' title="bbox 288 1439 927 1483; baseline 0.002 -11"><span class='ocrx_word' id='word_1_185' title='bbox 288 1439 489 1483; x_wconf 85' lang='lat' dir='ltr'><strong>latericium)</strong></span> <span class='ocrx_word' id='word_1_186' title='bbox 511 1444 584 1474; x_wconf 81' lang='lat' dir='ltr'><strong>vita</strong></span> <span class='ocrx_word' id='word_1_187' title='bbox 604 1440 714 1481; x_wconf 55' lang='lat' dir='ltr'><strong>noba,</strong></span> <span class='ocrx_word' id='word_1_188' title='bbox 742 1448 774 1472; x_wconf 90' lang='lat' dir='ltr'><strong>et</strong></span> <span class='ocrx_word' id='word_1_189' title='bbox 795 1440 927 1473; x_wconf 87' lang='lat' dir='ltr'><strong>alterius</strong></span> 
     </span>
     <span class='ocr_line' id='line_1_21' title="bbox 928 1505 1239 1542; baseline 0.003 -11"><span class='ocrx_word' id='word_1_190' title='bbox 928 1505 1026 1531; x_wconf 62' lang='lat' dir='ltr'><strong>imvm</strong></span> <span class='ocrx_word' id='word_1_191' title='bbox 1056 1505 1130 1542; x_wconf 67' lang='grc' dir='ltr'><strong>ῆῐΖ-ῚΝ</strong></span> <span class='ocrx_word' id='word_1_192' title='bbox 1160 1506 1239 1532; x_wconf 72' lang='grc' dir='ltr'>ἾΕΠΖ)</span> 
     </span>
     <span class='ocr_line' id='line_1_22' title="bbox 983 1561 1170 1588; baseline 0.005 -1"><span class='ocrx_word' id='word_1_193' title='bbox 983 1561 1077 1588; x_wconf 57' lang='lat' dir='ltr'><strong>imavi</strong></span> <span class='ocrx_word' id='word_1_194' title='bbox 1107 1563 1170 1588; x_wconf 44' lang='lat'><strong>&amp;57</strong></span> 
     </span>
     <span class='ocr_line' id='line_1_23' title="bbox 726 1610 1451 1653; baseline 0.003 -11"><span class='ocrx_word' id='word_1_195' title='bbox 726 1621 793 1650; x_wconf 70' lang='lat' dir='ltr'><strong>„es</strong></span> <span class='ocrx_word' id='word_1_196' title='bbox 816 1610 901 1653; x_wconf 80' lang='lat' dir='ltr'><strong>grub</strong></span> <span class='ocrx_word' id='word_1_197' title='bbox 927 1621 962 1642; x_wconf 70' lang='lat' dir='ltr'><strong>ee</strong></span> <span class='ocrx_word' id='word_1_198' title='bbox 985 1613 1039 1643; x_wconf 75' lang='lat' dir='ltr'><strong>ein</strong></span> <span class='ocrx_word' id='word_1_199' title='bbox 1061 1610 1197 1650; x_wconf 72' lang='lat' dir='ltr'><strong>Archqf</strong></span> <span class='ocrx_word' id='word_1_200' title='bbox 1216 1621 1278 1643; x_wconf 82' lang='lat' dir='ltr'><strong>von</strong></span> <span class='ocrx_word' id='word_1_201' title='bbox 1300 1610 1451 1644; x_wconf 67' lang='lat' dir='ltr'><strong>Dezesch</strong></span> 
     </span>
     <span class='ocr_line' id='line_1_24' title="bbox 727 1660 1241 1706; baseline 0 -7"><span class='ocrx_word' id='word_1_202' title='bbox 727 1667 796 1699; x_wconf 79' lang='lat' dir='ltr'><strong>und</strong></span> <span class='ocrx_word' id='word_1_203' title='bbox 816 1660 931 1699; x_wconf 51' lang='lat' dir='ltr'><strong>sieke&#39;!</strong></span> <span class='ocrx_word' id='word_1_204' title='bbox 963 1678 999 1699; x_wconf 87' lang='lat' dir='ltr'><strong>er</strong></span> <span class='ocrx_word' id='word_1_205' title='bbox 1023 1667 1241 1706; x_wconf 63' lang='lat' dir='ltr'><strong>errbthete“;</strong></span> 
     </span>
    </p>
   </div>
   <div class='ocr_carea' id='block_1_6' title="bbox 285 1737 1915 2007">
    <p class='ocr_par' dir='ltr' id='par_1_7' title="bbox 285 1737 1915 2007">
     <span class='ocr_line' id='line_1_25' title="bbox 285 1737 1915 1784; baseline 0.004 -16"><span class='ocrx_word' id='word_1_206' title='bbox 285 1737 475 1778; x_wconf 83' lang='lat' dir='ltr'><strong>scripturam</strong></span> <span class='ocrx_word' id='word_1_207' title='bbox 496 1743 603 1769; x_wconf 89' lang='lat' dir='ltr'><strong>autem</strong></span> <span class='ocrx_word' id='word_1_208' title='bbox 625 1743 784 1769; x_wconf 88' lang='lat' dir='ltr'><strong>vetustam</strong></span> <span class='ocrx_word' id='word_1_209' title='bbox 806 1737 1133 1778; x_wconf 86' lang='lat' dir='ltr'><strong>assyrio-hebraeam</strong></span> <span class='ocrx_word' id='word_1_210' title='bbox 1150 1745 1251 1781; x_wconf 87' lang='lat' dir='ltr'><strong>putat.</strong></span> <span class='ocrx_word' id='word_1_211' title='bbox 1297 1738 1361 1771; x_wconf 86' lang='lat' dir='ltr'><strong>Sed</strong></span> <span class='ocrx_word' id='word_1_212' title='bbox 1378 1750 1481 1782; x_wconf 92' lang='lat' dir='ltr'><strong>neque</strong></span> <span class='ocrx_word' id='word_1_213' title='bbox 1496 1739 1576 1772; x_wconf 85' lang='lat' dir='ltr'><strong>haec</strong></span> <span class='ocrx_word' id='word_1_214' title='bbox 1592 1742 1700 1783; x_wconf 91' lang='lat' dir='ltr'><strong>opinio</strong></span> <span class='ocrx_word' id='word_1_215' title='bbox 1722 1741 1915 1784; x_wconf 87' lang='lat' dir='ltr'><strong>probabilis,</strong></span> 
     </span>
     <span class='ocr_line' id='line_1_26' title="bbox 288 1794 1913 1841; baseline 0.004 -17"><span class='ocrx_word' id='word_1_216' title='bbox 288 1794 476 1836; x_wconf 85' lang='lat' dir='ltr'><strong>praesertim</strong></span> <span class='ocrx_word' id='word_1_217' title='bbox 506 1804 602 1836; x_wconf 88' lang='lat' dir='ltr'><strong>quum</strong></span> <span class='ocrx_word' id='word_1_218' title='bbox 633 1794 755 1825; x_wconf 80' lang='lat' dir='ltr'><strong>multae</strong></span> <span class='ocrx_word' id='word_1_219' title='bbox 777 1795 847 1825; x_wconf 89' lang='lat' dir='ltr'><strong>eius</strong></span> <span class='ocrx_word' id='word_1_220' title='bbox 875 1795 1004 1836; x_wconf 88' lang='lat' dir='ltr'><strong>generis</strong></span> <span class='ocrx_word' id='word_1_221' title='bbox 1034 1794 1229 1837; x_wconf 86' lang='lat' dir='ltr'><strong>epigraphae</strong></span> <span class='ocrx_word' id='word_1_222' title='bbox 1257 1803 1385 1827; x_wconf 87' lang='lat' dir='ltr'><strong>exstare</strong></span> <span class='ocrx_word' id='word_1_223' title='bbox 1415 1796 1579 1828; x_wconf 87' lang='lat' dir='ltr'><strong>dicantur:</strong></span> <span class='ocrx_word' id='word_1_224' title='bbox 1621 1804 1716 1841; x_wconf 88' lang='lat' dir='ltr'><strong>atque</strong></span> <span class='ocrx_word' id='word_1_225' title='bbox 1739 1797 1819 1830; x_wconf 88' lang='lat' dir='ltr'><strong>haec</strong></span> <span class='ocrx_word' id='word_1_226' title='bbox 1843 1800 1913 1841; x_wconf 90' lang='lat' dir='ltr'><strong>ipsa</strong></span> 
     </span>
     <span class='ocr_line' id='line_1_27' title="bbox 285 1848 1914 1898; baseline 0.004 -17"><span class='ocrx_word' id='word_1_227' title='bbox 285 1850 452 1892; x_wconf 86' lang='lat' dir='ltr'><strong>inscriptio</strong></span> <span class='ocrx_word' id='word_1_228' title='bbox 481 1849 582 1882; x_wconf 88' lang='lat' dir='ltr'><strong>altera</strong></span> <span class='ocrx_word' id='word_1_229' title='bbox 613 1850 724 1892; x_wconf 83' lang='lat' dir='ltr'><strong>(cuius</strong></span> <span class='ocrx_word' id='word_1_230' title='bbox 746 1848 995 1893; x_wconf 83' lang='lat' dir='ltr'><strong>explicationem</strong></span> <span class='ocrx_word' id='word_1_231' title='bbox 1017 1852 1067 1882; x_wconf 89' lang='lat' dir='ltr'><strong>vir</strong></span> <span class='ocrx_word' id='word_1_232' title='bbox 1089 1853 1383 1893; x_wconf 88' lang='lat' dir='ltr'><strong>praestantissimus</strong></span> <span class='ocrx_word' id='word_1_233' title='bbox 1406 1851 1654 1896; x_wconf 85' lang='lat' dir='ltr'><strong>Palaeog1·aphis</strong></span> <span class='ocrx_word' id='word_1_234' title='bbox 1680 1861 1712 1886; x_wconf 89' lang='lat' dir='ltr'><strong>et</strong></span> <span class='ocrx_word' id='word_1_235' title='bbox 1735 1854 1914 1898; x_wconf 76' lang='lat' dir='ltr'><strong>philologis</strong></span> 
     </span>
     <span class='ocr_line' id='line_1_28' title="bbox 285 1905 1912 1954; baseline 0.004 -17"><span class='ocrx_word' id='word_1_236' title='bbox 285 1917 382 1948; x_wconf 80' lang='lat' dir='ltr'><strong>aegre</strong></span> <span class='ocrx_word' id='word_1_237' title='bbox 400 1906 624 1949; x_wconf 87' lang='lat' dir='ltr'><strong>persuadebit)</strong></span> <span class='ocrx_word' id='word_1_238' title='bbox 647 1905 810 1938; x_wconf 75' lang='lat' dir='ltr'><strong>luculento</strong></span> <span class='ocrx_word' id='word_1_239' title='bbox 826 1905 906 1937; x_wconf 81' lang='lat' dir='ltr'><strong>mihi</strong></span> <span class='ocrx_word' id='word_1_240' title='bbox 920 1908 1103 1939; x_wconf 88' lang='lat' dir='ltr'><strong>testimonio</strong></span> <span class='ocrx_word' id='word_1_241' title='bbox 1120 1915 1168 1940; x_wconf 87' lang='lat' dir='ltr'><strong>est</strong></span> <span class='ocrx_word' id='word_1_242' title='bbox 1178 1931 1187 1947; x_wconf 94' lang='lat'><strong>,</strong></span> <span class='ocrx_word' id='word_1_243' title='bbox 1211 1919 1314 1950; x_wconf 89' lang='lat' dir='ltr'><strong>neque</strong></span> <span class='ocrx_word' id='word_1_244' title='bbox 1330 1908 1504 1942; x_wconf 79' lang='lat' dir='ltr'><strong>hebraeam</strong></span> <span class='ocrx_word' id='word_1_245' title='bbox 1520 1920 1591 1942; x_wconf 89' lang='lat' dir='ltr'><strong>esse</strong></span> <span class='ocrx_word' id='word_1_246' title='bbox 1607 1909 1698 1942; x_wconf 84' lang='lat' dir='ltr'><strong>illam</strong></span> <span class='ocrx_word' id='word_1_247' title='bbox 1711 1912 1912 1954; x_wconf 85' lang='lat' dir='ltr'><strong>scripturam,</strong></span> 
     </span>
     <span class='ocr_line' id='line_1_29' title="bbox 286 1962 1371 2007; baseline 0.002 -13"><span class='ocrx_word' id='word_1_248' title='bbox 286 1973 388 2006; x_wconf 90' lang='lat' dir='ltr'><strong>neque</strong></span> <span class='ocrx_word' id='word_1_249' title='bbox 411 1963 662 1994; x_wconf 87' lang='lat' dir='ltr'><strong>vetustissimam</strong></span> <span class='ocrx_word' id='word_1_250' title='bbox 683 1963 842 2006; x_wconf 85' lang='lat' dir='ltr'><strong>quandam</strong></span> <span class='ocrx_word' id='word_1_251' title='bbox 862 1962 1038 1995; x_wconf 88' lang='lat' dir='ltr'><strong>Phoenicia</strong></span> <span class='ocrx_word' id='word_1_252' title='bbox 1059 1966 1278 2007; x_wconf 84' lang='lat' dir='ltr'><strong>superiorem,</strong></span> <span class='ocrx_word' id='word_1_253' title='bbox 1315 1966 1371 1997; x_wconf 87' lang='lat' dir='ltr'><strong>sed</strong></span> 
     </span>
    </p>
   </div>
   <div class='ocr_carea' id='block_1_7' title="bbox 285 2031 1911 2189">
    <p class='ocr_par' dir='ltr' id='par_1_8' title="bbox 285 2031 1911 2189">
     <span class='ocr_line' id='line_1_30' title="bbox 414 2031 1911 2078; baseline 0.005 -15"><span class='ocrx_word' id='word_1_254' title='bbox 414 2031 455 2074; x_wconf 93' lang='lat' dir='ltr'><strong>C)</strong></span> <span class='ocrx_word' id='word_1_255' title='bbox 486 2033 570 2076; x_wconf 91' lang='lat' dir='ltr'><strong>quod</strong></span> <span class='ocrx_word' id='word_1_256' title='bbox 593 2040 678 2065; x_wconf 87' lang='lat' dir='ltr'><strong>recte</strong></span> <span class='ocrx_word' id='word_1_257' title='bbox 701 2033 825 2065; x_wconf 86' lang='lat' dir='ltr'><strong>viderat</strong></span> <span class='ocrx_word' id='word_1_258' title='bbox 845 2032 1090 2074; x_wconf 82' lang='lat' dir='ltr'><strong>Grotefendius,</strong></span> <span class='ocrx_word' id='word_1_259' title='bbox 1111 2036 1298 2075; x_wconf 66' lang='lat' dir='ltr'><strong>Persicam,</strong></span> <span class='ocrx_word' id='word_1_260' title='bbox 1322 2046 1503 2078; x_wconf 87' lang='lat' dir='ltr'><strong>quanquam</strong></span> <span class='ocrx_word' id='word_1_261' title='bbox 1525 2035 1730 2070; x_wconf 88' lang='lat' dir='ltr'><strong>Pehlevicam</strong></span> <span class='ocrx_word' id='word_1_262' title='bbox 1753 2049 1824 2071; x_wconf 87' lang='lat' dir='ltr'><strong>eam</strong></span> <span class='ocrx_word' id='word_1_263' title='bbox 1847 2050 1911 2071; x_wconf 92' lang='lat' dir='ltr'><strong>non</strong></span> 
     </span>
     <span class='ocr_line' id='line_1_31' title="bbox 285 2088 1911 2138; baseline 0.004 -18"><span class='ocrx_word' id='word_1_264' title='bbox 285 2088 490 2132; x_wconf 83' lang='lat' dir='ltr'><strong>appellarim,</strong></span> <span class='ocrx_word' id='word_1_265' title='bbox 526 2090 685 2133; x_wconf 89' lang='lat' dir='ltr'><strong>siquidem</strong></span> <span class='ocrx_word' id='word_1_266' title='bbox 721 2088 845 2122; x_wconf 87' lang='lat' dir='ltr'><strong>nullum</strong></span> <span class='ocrx_word' id='word_1_267' title='bbox 879 2091 912 2121; x_wconf 90' lang='lat' dir='ltr'><strong>in</strong></span> <span class='ocrx_word' id='word_1_268' title='bbox 944 2101 983 2122; x_wconf 91' lang='lat' dir='ltr'><strong>eo</strong></span> <span class='ocrx_word' id='word_1_269' title='bbox 1019 2093 1190 2135; x_wconf 85' lang='lat' dir='ltr'><strong>vestigium</strong></span> <span class='ocrx_word' id='word_1_270' title='bbox 1224 2099 1274 2124; x_wconf 83' lang='lat' dir='ltr'><strong>est</strong></span> <span class='ocrx_word' id='word_1_271' title='bbox 1307 2103 1462 2124; x_wconf 86' lang='lat' dir='ltr'><strong>novarum</strong></span> <span class='ocrx_word' id='word_1_272' title='bbox 1490 2092 1637 2133; x_wconf 87' lang='lat' dir='ltr'><strong>illarum,</strong></span> <span class='ocrx_word' id='word_1_273' title='bbox 1676 2094 1790 2138; x_wconf 89' lang='lat' dir='ltr'><strong>quibus</strong></span> <span class='ocrx_word' id='word_1_274' title='bbox 1820 2101 1911 2127; x_wconf 89' lang='lat' dir='ltr'><strong>vetus</strong></span> 
     </span>
     <span class='ocr_line' id='line_1_32' title="bbox 285 2145 1626 2189; baseline 0.003 -12"><span class='ocrx_word' id='word_1_275' title='bbox 285 2145 491 2189; x_wconf 85' lang='lat' dir='ltr'><strong>alphabetum</strong></span> <span class='ocrx_word' id='word_1_276' title='bbox 514 2146 677 2182; x_wconf 79' lang='lat' dir='ltr'><strong>Persicum</strong></span> <span class='ocrx_word' id='word_1_277' title='bbox 701 2147 733 2178; x_wconf 94' lang='lat' dir='ltr'><strong>in</strong></span> <span class='ocrx_word' id='word_1_278' title='bbox 756 2148 971 2179; x_wconf 87' lang='lat' dir='ltr'><strong>monumentis</strong></span> <span class='ocrx_word' id='word_1_279' title='bbox 992 2147 1172 2180; x_wconf 81' lang='lat' dir='ltr'><strong>Pehlevicis</strong></span> <span class='ocrx_word' id='word_1_280' title='bbox 1195 2155 1322 2181; x_wconf 87' lang='lat' dir='ltr'><strong>auctum</strong></span> <span class='ocrx_word' id='word_1_281' title='bbox 1344 2156 1410 2188; x_wconf 89' lang='lat' dir='ltr'><strong>est,</strong></span> <span class='ocrx_word' id='word_1_282' title='bbox 1439 2148 1626 2182; x_wconf 87' lang='lat' dir='ltr'><strong>litterarum.</strong></span> 
     </span>
    </p>
   </div>
   <div class='ocr_carea' id='block_1_8' title="bbox 283 2216 1909 2377">
    <p class='ocr_par' dir='ltr' id='par_1_9' title="bbox 283 2216 1909 2377">
     <span class='ocr_line' id='line_1_33' title="bbox 411 2216 1909 2264; baseline 0.005 -17"><span class='ocrx_word' id='word_1_283' title='bbox 411 2217 505 2248; x_wconf 87' lang='lat' dir='ltr'><strong>Licet</strong></span> <span class='ocrx_word' id='word_1_284' title='bbox 533 2217 631 2259; x_wconf 87' lang='lat' dir='ltr'><strong>igitur</strong></span> <span class='ocrx_word' id='word_1_285' title='bbox 661 2217 700 2248; x_wconf 88' lang='lat' dir='ltr'><strong>de</strong></span> <span class='ocrx_word' id='word_1_286' title='bbox 729 2217 885 2259; x_wconf 84' lang='lat' dir='ltr'><strong>scriptura</strong></span> <span class='ocrx_word' id='word_1_287' title='bbox 914 2216 970 2249; x_wconf 89' lang='lat' dir='ltr'><strong>illa</strong></span> <span class='ocrx_word' id='word_1_288' title='bbox 1000 2219 1132 2261; x_wconf 85' lang='lat' dir='ltr'><strong>eiusque</strong></span> <span class='ocrx_word' id='word_1_289' title='bbox 1152 2220 1414 2261; x_wconf 87' lang='lat' dir='ltr'><strong>interpretatione</strong></span> <span class='ocrx_word' id='word_1_290' title='bbox 1437 2220 1516 2252; x_wconf 83' lang='lat' dir='ltr'><strong>certi</strong></span> <span class='ocrx_word' id='word_1_291' title='bbox 1539 2227 1631 2263; x_wconf 88' lang='lat' dir='ltr'><strong>atque</strong></span> <span class='ocrx_word' id='word_1_292' title='bbox 1654 2223 1807 2264; x_wconf 88' lang='lat' dir='ltr'><strong>comperti</strong></span> <span class='ocrx_word' id='word_1_293' title='bbox 1829 2221 1909 2253; x_wconf 90' lang='lat' dir='ltr'><strong>nihil</strong></span> 
     </span>
     <span class='ocr_line' id='line_1_34' title="bbox 283 2273 1909 2319; baseline 0.004 -15"><span class='ocrx_word' id='word_1_294' title='bbox 283 2273 347 2305; x_wconf 88' lang='lat' dir='ltr'><strong>dici</strong></span> <span class='ocrx_word' id='word_1_295' title='bbox 377 2274 495 2316; x_wconf 87' lang='lat' dir='ltr'><strong>possit,</strong></span> <span class='ocrx_word' id='word_1_296' title='bbox 533 2275 597 2305; x_wconf 90' lang='lat' dir='ltr'><strong>nisi</strong></span> <span class='ocrx_word' id='word_1_297' title='bbox 625 2275 715 2315; x_wconf 87' lang='lat' dir='ltr'><strong>prius</strong></span> <span class='ocrx_word' id='word_1_298' title='bbox 746 2274 864 2305; x_wconf 88' lang='lat' dir='ltr'><strong>veteris</strong></span> <span class='ocrx_word' id='word_1_299' title='bbox 893 2274 1071 2316; x_wconf 86' lang='lat' dir='ltr'><strong>scripturae</strong></span> <span class='ocrx_word' id='word_1_300' title='bbox 1101 2275 1249 2307; x_wconf 86' lang='lat' dir='ltr'><strong>Persicae</strong></span> <span class='ocrx_word' id='word_1_301' title='bbox 1271 2277 1305 2307; x_wconf 92' lang='lat' dir='ltr'><strong>in</strong></span> <span class='ocrx_word' id='word_1_302' title='bbox 1328 2277 1434 2308; x_wconf 91' lang='lat' dir='ltr'><strong>numis</strong></span> <span class='ocrx_word' id='word_1_303' title='bbox 1456 2279 1646 2319; x_wconf 86' lang='lat' dir='ltr'><strong>conspicuae</strong></span> <span class='ocrx_word' id='word_1_304' title='bbox 1669 2280 1750 2310; x_wconf 92' lang='lat' dir='ltr'><strong>ratio</strong></span> <span class='ocrx_word' id='word_1_305' title='bbox 1773 2279 1909 2309; x_wconf 80' lang='lat' dir='ltr'><strong>enodata</strong></span> 
     </span>
     <span class='ocr_line' id='line_1_35' title="bbox 283 2329 1908 2377; baseline 0.002 -16"><span class='ocrx_word' id='word_1_306' title='bbox 283 2331 342 2362; x_wconf 84' lang='lat' dir='ltr'><strong>sit:</strong></span> <span class='ocrx_word' id='word_1_307' title='bbox 379 2329 460 2362; x_wconf 88' lang='lat' dir='ltr'><strong>illud</strong></span> <span class='ocrx_word' id='word_1_308' title='bbox 483 2337 589 2361; x_wconf 90' lang='lat' dir='ltr'><strong>tamen</strong></span> <span class='ocrx_word' id='word_1_309' title='bbox 613 2329 815 2373; x_wconf 85' lang='lat' dir='ltr'><strong>exploratum</strong></span> <span class='ocrx_word' id='word_1_310' title='bbox 837 2340 908 2362; x_wconf 88' lang='lat' dir='ltr'><strong>esse</strong></span> <span class='ocrx_word' id='word_1_311' title='bbox 930 2330 1075 2370; x_wconf 84' lang='lat' dir='ltr'><strong>videtur,</strong></span> <span class='ocrx_word' id='word_1_312' title='bbox 1112 2332 1153 2363; x_wconf 87' lang='lat' dir='ltr'><strong>ad</strong></span> <span class='ocrx_word' id='word_1_313' title='bbox 1175 2331 1367 2364; x_wconf 89' lang='lat' dir='ltr'><strong>Phoeniciae</strong></span> <span class='ocrx_word' id='word_1_314' title='bbox 1386 2331 1586 2365; x_wconf 86' lang='lat' dir='ltr'><strong>litteraturae</strong></span> <span class='ocrx_word' id='word_1_315' title='bbox 1599 2334 1701 2373; x_wconf 71' lang='lat' dir='ltr'><strong>filia-s·</strong></span> <span class='ocrx_word' id='word_1_316' title='bbox 1722 2346 1792 2366; x_wconf 90' lang='lat' dir='ltr'><strong>eam</strong></span> <span class='ocrx_word' id='word_1_317' title='bbox 1813 2335 1908 2377; x_wconf 89' lang='lat' dir='ltr'><strong>perti-</strong></span> 
     </span>
    </p>
   </div>
   <div class='ocr_carea' id='block_1_9' title="bbox 257 2450 1908 2681">
    <p class='ocr_par' dir='ltr' id='par_1_10' title="bbox 257 2450 1908 2681">
     <span class='ocr_line' id='line_1_36' title="bbox 257 2450 1907 2488; baseline 0.001 -12"><span class='ocrx_word' id='word_1_318' title='bbox 257 2454 259 2457; x_wconf 89' lang='grc'><strong>’</strong></span> <span class='ocrx_word' id='word_1_319' title='bbox 283 2450 455 2486; x_wconf 71' lang='lat' dir='ltr'><strong>fragmentis:</strong></span> <span class='ocrx_word' id='word_1_320' title='bbox 475 2450 544 2476; x_wconf 85' lang='lat' dir='ltr'><strong>This</strong></span> <span class='ocrx_word' id='word_1_321' title='bbox 557 2450 618 2476; x_wconf 85' lang='lat' dir='ltr'><strong>idea</strong></span> <span class='ocrx_word' id='word_1_322' title='bbox 636 2450 687 2484; x_wconf 88' lang='lat' dir='ltr'><strong>(de</strong></span> <span class='ocrx_word' id='word_1_323' title='bbox 700 2450 847 2484; x_wconf 83' lang='lat' dir='ltr'><strong>scripturae</strong></span> <span class='ocrx_word' id='word_1_324' title='bbox 861 2450 997 2477; x_wconf 85' lang='lat' dir='ltr'><strong>semiticae</strong></span> <span class='ocrx_word' id='word_1_325' title='bbox 1012 2459 1063 2477; x_wconf 80' lang='lat' dir='ltr'><strong>usu</strong></span> <span class='ocrx_word' id='word_1_326' title='bbox 1130 2451 1159 2477; x_wconf 81' lang='lat' dir='ltr'><strong>in</strong></span> <span class='ocrx_word' id='word_1_327' title='bbox 1172 2452 1247 2478; x_wconf 84' lang='lat' dir='ltr'><strong>short</strong></span> <span class='ocrx_word' id='word_1_328' title='bbox 1258 2452 1327 2479; x_wconf 81' lang='lat' dir='ltr'><strong>lines</strong></span> <span class='ocrx_word' id='word_1_329' title='bbox 1341 2454 1394 2479; x_wconf 84' lang='lat' dir='ltr'><strong>and</strong></span> <span class='ocrx_word' id='word_1_330' title='bbox 1411 2454 1550 2488; x_wconf 81' lang='lat' dir='ltr'><strong>evidently</strong></span> <span class='ocrx_word' id='word_1_331' title='bbox 1565 2455 1601 2487; x_wconf 92' lang='lat' dir='ltr'><strong>by</strong></span> <span class='ocrx_word' id='word_1_332' title='bbox 1616 2462 1690 2480; x_wconf 87' lang='lat' dir='ltr'><strong>some</strong></span> <span class='ocrx_word' id='word_1_333' title='bbox 1704 2453 1907 2486; x_wconf 72' lang='lat' dir='ltr'><strong>simp-pointed</strong></span> 
     </span>
     <span class='ocr_line' id='line_1_37' title="bbox 285 2497 1908 2534; baseline 0.001 -11"><span class='ocrx_word' id='word_1_334' title='bbox 285 2497 312 2523; x_wconf 89' lang='lat' dir='ltr'><strong>in</strong></span> <span class='ocrx_word' id='word_1_335' title='bbox 329 2500 388 2525; x_wconf 81' lang='lat' dir='ltr'><strong>vita</strong></span> <span class='ocrx_word' id='word_1_336' title='bbox 410 2499 545 2525; x_wconf 86' lang='lat' dir='ltr'><strong>communi</strong></span> <span class='ocrx_word' id='word_1_337' title='bbox 555 2518 562 2531; x_wconf 94' lang='lat'>‚</span> <span class='ocrx_word' id='word_1_338' title='bbox 587 2498 762 2525; x_wconf 81' lang='lat' dir='ltr'><strong>cuneiformis</strong></span> <span class='ocrx_word' id='word_1_339' title='bbox 784 2498 812 2525; x_wconf 89' lang='lat' dir='ltr'><strong>iu</strong></span> <span class='ocrx_word' id='word_1_340' title='bbox 833 2499 948 2532; x_wconf 88' lang='lat' dir='ltr'><strong>publicis</strong></span> <span class='ocrx_word' id='word_1_341' title='bbox 964 2507 1062 2525; x_wconf 83' lang='lat' dir='ltr'><strong>monn·</strong></span> <span class='ocrx_word' id='word_1_342' title='bbox 1078 2498 1081 2503; x_wconf 84' lang='lat'><em>&#39;</em></span> <span class='ocrx_word' id='word_1_343' title='bbox 1129 2500 1306 2527; x_wconf 76' lang='lat' dir='ltr'><strong>instrument:</strong></span> <span class='ocrx_word' id='word_1_344' title='bbox 1326 2511 1341 2527; x_wconf 87' lang='lat' dir='ltr'><strong>a</strong></span> <span class='ocrx_word' id='word_1_345' title='bbox 1352 2507 1411 2534; x_wconf 85' lang='lat' dir='ltr'><strong>part</strong></span> <span class='ocrx_word' id='word_1_346' title='bbox 1425 2503 1458 2528; x_wconf 82' lang='lat' dir='ltr'><strong>of</strong></span> <span class='ocrx_word' id='word_1_347' title='bbox 1469 2503 1545 2528; x_wconf 82' lang='lat' dir='ltr'><strong>these</strong></span> <span class='ocrx_word' id='word_1_348' title='bbox 1560 2502 1583 2528; x_wconf 88' lang='lat' dir='ltr'><strong>is</strong></span> <span class='ocrx_word' id='word_1_349' title='bbox 1598 2503 1692 2528; x_wconf 87' lang='lat' dir='ltr'><strong>shewn</strong></span> <span class='ocrx_word' id='word_1_350' title='bbox 1706 2502 1734 2528; x_wconf 90' lang='lat' dir='ltr'><strong>in</strong></span> <span class='ocrx_word' id='word_1_351' title='bbox 1743 2502 1819 2527; x_wconf 82' lang='lat' dir='ltr'><strong>Plate</strong></span> <span class='ocrx_word' id='word_1_352' title='bbox 1830 2501 1873 2532; x_wconf 86' lang='lat'><strong>77,</strong></span> <span class='ocrx_word' id='word_1_353' title='bbox 1883 2509 1908 2526; x_wconf 79' lang='lat' dir='ltr'><strong>e.</strong></span> 
     </span>
     <span class='ocr_line' id='line_1_38' title="bbox 285 2544 1907 2583; baseline 0.001 -11"><span class='ocrx_word' id='word_1_354' title='bbox 285 2546 398 2579; x_wconf 81' lang='lat' dir='ltr'><strong>mentis)</strong></span> <span class='ocrx_word' id='word_1_355' title='bbox 416 2547 439 2572; x_wconf 87' lang='lat' dir='ltr'><strong>is</strong></span> <span class='ocrx_word' id='word_1_356' title='bbox 461 2549 606 2581; x_wconf 74' lang='lat' dir='ltr'><strong>supported</strong></span> <span class='ocrx_word' id='word_1_357' title='bbox 623 2548 661 2581; x_wconf 86' lang='lat' dir='ltr'><strong>by</strong></span> <span class='ocrx_word' id='word_1_358' title='bbox 681 2547 783 2573; x_wconf 87' lang='lat' dir='ltr'><strong>certain</strong></span> <span class='ocrx_word' id='word_1_359' title='bbox 804 2555 879 2573; x_wconf 86' lang='lat' dir='ltr'><strong>more</strong></span> <span class='ocrx_word' id='word_1_360' title='bbox 893 2556 958 2581; x_wconf 83' lang='lat' dir='ltr'><strong>easy</strong></span> <span class='ocrx_word' id='word_1_361' title='bbox 972 2548 1061 2573; x_wconf 82' lang='lat' dir='ltr'><strong>marks</strong></span> <span class='ocrx_word' id='word_1_362' title='bbox 1129 2550 1144 2575; x_wconf 92' lang='lat'><em>1</em></span> <span class='ocrx_word' id='word_1_363' title='bbox 1163 2549 1234 2576; x_wconf 84' lang='lat' dir='ltr'><strong>have</strong></span> <span class='ocrx_word' id='word_1_364' title='bbox 1256 2544 1313 2576; x_wconf 82' lang='lat' dir='ltr'><strong>also</strong></span> <span class='ocrx_word' id='word_1_365' title='bbox 1338 2550 1367 2575; x_wconf 91' lang='lat' dir='ltr'><strong>in</strong></span> <span class='ocrx_word' id='word_1_366' title='bbox 1387 2559 1434 2583; x_wconf 87' lang='lat' dir='ltr'><strong>my</strong></span> <span class='ocrx_word' id='word_1_367' title='bbox 1456 2551 1611 2583; x_wconf 83' lang='lat' dir='ltr'><strong>possession</strong></span> <span class='ocrx_word' id='word_1_368' title='bbox 1630 2554 1685 2576; x_wconf 79' lang='lat' dir='ltr'><strong>two</strong></span> <span class='ocrx_word' id='word_1_369' title='bbox 1707 2550 1855 2583; x_wconf 75' lang='lat' dir='ltr'><strong>fragments</strong></span> <span class='ocrx_word' id='word_1_370' title='bbox 1875 2549 1907 2574; x_wconf 75' lang='lat' dir='ltr'><strong>of</strong></span> 
     </span>
     <span class='ocr_line' id='line_1_39' title="bbox 285 2583 1906 2633; baseline 0.002 -13"><span class='ocrx_word' id='word_1_371' title='bbox 285 2583 445 2621; x_wconf 61' lang='lat' dir='ltr'><strong>observatae</strong></span> <span class='ocrx_word' id='word_1_372' title='bbox 471 2603 506 2621; x_wconf 88' lang='lat' dir='ltr'><strong>on</strong></span> <span class='ocrx_word' id='word_1_373' title='bbox 520 2604 614 2633; x_wconf 78' lang='lat' dir='ltr'><strong>¹many</strong></span> <span class='ocrx_word' id='word_1_374' title='bbox 636 2597 669 2622; x_wconf 76' lang='lat' dir='ltr'><strong>of</strong></span> <span class='ocrx_word' id='word_1_375' title='bbox 690 2596 736 2622; x_wconf 83' lang='lat' dir='ltr'><strong>the</strong></span> <span class='ocrx_word' id='word_1_376' title='bbox 762 2597 825 2629; x_wconf 81' lang='lat' dir='ltr'><strong>clay</strong></span> <span class='ocrx_word' id='word_1_377' title='bbox 848 2596 984 2630; x_wconf 84' lang='lat' dir='ltr'><strong>cylinders</strong></span> <span class='ocrx_word' id='word_1_378' title='bbox 1008 2597 1061 2622; x_wconf 83' lang='lat' dir='ltr'><strong>aad</strong></span> <span class='ocrx_word' id='word_1_379' title='bbox 1128 2597 1205 2632; x_wconf 83' lang='lat' dir='ltr'><strong>large</strong></span> <span class='ocrx_word' id='word_1_380' title='bbox 1223 2597 1314 2623; x_wconf 86' lang='lat' dir='ltr'><strong>bricks</strong></span> <span class='ocrx_word' id='word_1_381' title='bbox 1331 2598 1417 2624; x_wconf 81' lang='lat' dir='ltr'><strong>found</strong></span> <span class='ocrx_word' id='word_1_382' title='bbox 1437 2603 1464 2624; x_wconf 85' lang='lat' dir='ltr'><strong>at</strong></span> <span class='ocrx_word' id='word_1_383' title='bbox 1482 2601 1611 2631; x_wconf 81' lang='lat' dir='ltr'><strong>Babylon,</strong></span> <span class='ocrx_word' id='word_1_384' title='bbox 1638 2597 1791 2632; x_wconf 77' lang='lat' dir='ltr'><strong>containing</strong></span> <span class='ocrx_word' id='word_1_385' title='bbox 1804 2596 1906 2632; x_wconf 79' lang='lat' dir='ltr'><strong>similar</strong></span> 
     </span>
     <span class='ocr_line' id='line_1_40' title="bbox 285 2643 1676 2681; baseline 0.002 -14"><span class='ocrx_word' id='word_1_386' title='bbox 285 2643 364 2668; x_wconf 87' lang='lat' dir='ltr'><strong>other</strong></span> <span class='ocrx_word' id='word_1_387' title='bbox 388 2643 534 2678; x_wconf 73' lang='lat' dir='ltr'><strong>fragments</strong></span> <span class='ocrx_word' id='word_1_388' title='bbox 558 2645 591 2670; x_wconf 78' lang='lat' dir='ltr'><strong>of</strong></span> <span class='ocrx_word' id='word_1_389' title='bbox 610 2644 655 2671; x_wconf 85' lang='lat' dir='ltr'><strong>the</strong></span> <span class='ocrx_word' id='word_1_390' title='bbox 673 2652 747 2671; x_wconf 84' lang='lat' dir='ltr'><strong>same</strong></span> <span class='ocrx_word' id='word_1_391' title='bbox 762 2645 899 2678; x_wconf 83' lang='lat' dir='ltr'><strong>material,</strong></span> <span class='ocrx_word' id='word_1_392' title='bbox 923 2645 1060 2681; x_wconf 80' lang='lat' dir='ltr'><strong>engraved</strong></span> <span class='ocrx_word' id='word_1_393' title='bbox 1128 2647 1288 2680; x_wconf 81' lang='lat' dir='ltr'><strong>apparently</strong></span> <span class='ocrx_word' id='word_1_394' title='bbox 1304 2653 1380 2672; x_wconf 90' lang='lat' dir='ltr'><strong>more</strong></span> <span class='ocrx_word' id='word_1_395' title='bbox 1397 2645 1513 2673; x_wconf 80' lang='lat' dir='ltr'><strong>familiar</strong></span> <span class='ocrx_word' id='word_1_396' title='bbox 1529 2646 1645 2681; x_wconf 86' lang='lat' dir='ltr'><strong>writing.</strong></span> <span class='ocrx_word' id='word_1_397' title='bbox 1657 2645 1676 2658; x_wconf 88' lang='lat'><strong>“</strong></span> 
     </span>
    </p>
   </div>
   <div class='ocr_carea' id='block_1_10' title="bbox 1171 2722 1205 2765">
    <p class='ocr_par' dir='ltr' id='par_1_11' title="bbox 1171 2722 1205 2765">
     <span class='ocr_line' id='line_1_41' title="bbox 1171 2722 1205 2765; baseline 0 -24"><span class='ocrx_word' id='word_1_398' title='bbox 1171 2722 1205 2765; x_wconf 37' lang='lat' dir='ltr'><strong>q.</strong></span> 
     </span>
    </p>
   </div>
  </div>
 </body>
</html>
