2242 2976
370 271 455 305 xvl
969 269 1394 307 PRAEFATIO.

500 370 534 402 3.
586 366 800 403 Doctrinae
811 365 1177 416 palaeographicae-1
1190 368 1502 419 descriptionem,
1536 371 1710 418 quamvis
1735 370 1826 408 baec
1850 382 1990 421 operae

371 429 522 467 nestrae
554 432 594 467 in
627 431 864 480 explicandis
895 431 1014 468 titulis
1041 433 1330 483 epigraphisque
1354 435 1499 483 pomae
1525 436 1631 483 quasi
1657 447 1846 473 summam
1871 437 1990 474 conti·

371 502 461 532 neat
493 494 532 532 et
563 497 735 532 absoluta
770 495 924 532 demum
957 498 1128 534 omnium
1162 506 1494 536 monumentorum
1536 500 1846 549 interpretatione
1879 501 1989 538 scribi

371 567 517 609 posset,
543 561 787 597 nihilominus
801 563 1081 598 commentariis
1105 564 1241 600 nostris
1268 564 1306 600 in
1322 565 1405 613 ipsa
1421 571 1668 603 monumenta
1682 564 1988 614 anteponendam

370 627 608 674 putavimus,
641 635 757 673 quum
784 626 876 663 alias
902 627 951 663 ob
976 638 1126 663 caussas
1153 633 1238 664 tum
1261 635 1304 665 ut
1328 628 1367 664 bi
1393 630 1458 679 qui
1484 629 1532 667 ad
1556 629 1626 667 boc
1645 630 1856 667 studiorum
1873 634 1992 678 genus

370 691 533 738 primum
554 690 776 729 accederent
799 693 888 740 (qui
913 693 1060 728 utinam
1088 692 1197 729 multi
1219 693 1336 740 sintl)
1364 694 1464 731 iusta
1488 701 1604 743 atque
1628 694 1794 743 legitima
1818 694 1868 731 ad
1890 694 1989 732 lianc

371 756 578 792 doctrinam
607 755 842 793 institutione
865 767 941 793 non
969 762 1150 793 carerent.
1201 757 1313 794 Hanc
1338 765 1464 796 autem
1491 760 1546 796 ita
1568 759 1767 809 disponere
1781 760 1905 797 visum
1919 765 1992 804 est,

368 826 412 856 ut
433 820 632 857 lectoribus
645 821 875 869 singularum
893 821 1099 858 litterarum
1120 821 1403 859 Phoeniciarum
1424 824 1530 872 quasi
1546 823 1739 862 historiam
1755 831 1845 862 ante
1862 824 1991 861 eculei·

367 896 613 934 poneremus,
648 886 687 922 in
716 896 790 934 qua
816 897 839 922 a
862 886 1024 930 nativis,
1063 886 1186 935 plenis
1210 893 1250 924 et
1275 887 1449 936 legitimis
1470 889 1594 937 liguris
1616 890 1774 938 profecti
1799 888 1848 926 ad
1874 888 1992 937 ned!-

368 951 554 998 gentiores
579 956 619 986 et
640 950 865 999 depravatas
891 950 1215 999 progrederemur,
1246 952 1401 1000 singulis
1427 960 1553 990 autem
1575 955 1701 1002 figuris
1724 960 1991 991 monumento·

366 1026 451 1051 rum
470 1015 571 1051 locos
587 1014 899 1060 adscriberemus,
927 1015 1060 1063 quibus
1079 1016 1168 1053 illae
1180 1017 1444 1055 invenirentur
1458 1024 1498 1055 et
1512 1018 1561 1055 ad
1576 1031 1669 1068 quos
1683 1019 1732 1055 cle
1746 1019 1989 1056 intel-tiorum
2041 1056 2043 1059 .

367 1080 567 1126 figurarum
605 1086 791 1129 potestate
823 1091 847 1117 a
880 1081 989 1116 nobis
1012 1079 1246 1129 disputatum
1273 1089 1348 1127 est,
1382 1089 1426 1119 ut
1451 1083 1490 1120 in
1516 1084 1657 1120 caussis
1680 1083 1805 1121 dubiis
1830 1083 1989 1120 lectores

366 1145 551 1181 rationem
569 1155 592 1180 n
606 1145 715 1181 nobis
731 1146 866 1182 initam
883 1147 1104 1183 examinare
1119 1147 1269 1194 suisque
1290 1147 1408 1187 oculis
1423 1159 1575 1185 cernere
1589 1154 1628 1185 et
1643 1148 1808 1185 iudicare
1820 1154 1989 1197 possent.

366 1203 490 1245 Aliam
508 1209 618 1246 huius
635 1209 829 1247 doctrinae
842 1210 1050 1248 tradendae
1065 1212 1251 1249 rationem
1268 1212 1294 1248 li
1308 1213 1425 1249 secuti
1441 1219 1548 1258 sunt,
1570 1213 1651 1262 qui,
1673 1213 1781 1250 velut
1798 1212 1987 1256 swintun,

365 1275 550 1320 Bayerus,
593 1274 803 1311 litterarum
825 1276 962 1323 figuras
986 1275 1193 1313 secundum
1219 1277 1389 1325 regiones
1414 1277 1614 1327 dispositas
1638 1277 1912 1315 exbibueruntz
1947 1282 1991 1313 et

365 1345 476 1375 erunt
515 1338 689 1383 romae,
734 1341 797 1388 qui
833 1339 934 1377 bunc
970 1341 1128 1379 modum
1167 1341 1296 1378 multis
1337 1343 1625 1391 comprobatum
1665 1342 1780 1379 etiam
1819 1353 1844 1379 a
1876 1341 1995 1379 nobs·

365 1409 597 1450 exspectent.
650 1401 776 1447 Quum
800 1414 909 1448 vero,
935 1411 978 1442 at
998 1416 1051 1442 ex
1075 1406 1215 1442 tabulis
1240 1407 1376 1442 nostris
1395 1406 1607 1454 intelligent
1624 1405 1799 1451 lectores,
1822 1407 1863 1442 in
1888 1404 1989 1442 anti-

363 1468 555 1515 quioribus
587 1469 844 1504 monumentis
882 1470 1075 1506 variarum
1114 1470 1310 1516 regionum
1351 1470 1499 1507 litterae
1536 1481 1672 1519 mopso
1710 1481 1788 1506 non
1821 1470 1990 1508 multum-

365 1532 512 1578 (minus
540 1538 659 1574 certe,
691 1542 804 1578 quam
831 1533 1061 1580 antiquiores
1083 1544 1106 1569 a
1131 1534 1420 1581 recentioribus)
1454 1534 1554 1571 inter
1577 1546 1618 1571 se
1645 1534 1838 1572 differant=
1869 1535 1985 1572 ratio—

363 1596 474 1632 nibus
497 1596 568 1631 rite
589 1581 782 1631 subductis
801 1595 904 1634 illam
929 1597 1031 1633 viam
1055 1597 1338 1646 praeferendam
1362 1598 1543 1636 duximus
1565 1602 1623 1649 (p.
1643 1601 1732 1647 15),
1763 1600 1982 1649 praesertim

364 1671 479 1709 quum
506 1660 618 1696 exiis
632 1670 726 1708 quas
741 1671 810 1696 nos
829 1661 1154 1709 suppeditavimus
1173 1663 1290 1711 copiis
1313 1663 1413 1699 facili
1431 1665 1580 1712 negotio
1594 1664 1809 1702 litterarum
1832 1663 1985 1702 tabulas

363 1724 569 1762 secundum
602 1726 774 1772 regiones
808 1725 1008 1774 disponere
1039 1727 1175 1775 possit,
1218 1727 1281 1775 qui
1313 1727 1419 1765 velit.
1485 1728 1544 1766 Ne
1575 1728 1797 1766 Numidicae
1829 1728 1984 1778 quidem

363 1801 392 1826 s.
411 1786 574 1826 Punicae
598 1789 815 1826 recentioris
839 1791 1046 1839 scripturae
1070 1791 1169 1839 leges
1194 1803 1316 1841 nuper
1339 1803 1364 1829 a
1386 1804 1453 1830 me
1471 1793 1648 1831 inventas
1673 1794 1734 1843 (p.
1751 1797 1786 1831 8.
1806 1796 1855 1831 40
1877 1794 1987 1844 sqq«)

361 1854 403 1890 in
420 1853 496 1890 hoc
521 1854 617 1890 libro
642 1855 845 1903 separatim
868 1861 1028 1892 tractare
1048 1856 1210 1904 placuit,
1232 1869 1348 1906 quum
1364 1858 1479 1895 etiam
1498 1857 1592 1896 baec
1606 1855 1817 1896 litterature
1829 1857 1989 1897 nonnid·

363 1918 528 1955 eiusdem
555 1920 700 1966 generis
727 1919 877 1956 diversa
899 1920 1084 1968 quaedam
1110 1922 1253 1970 species
1270 1922 1498 1971 appellanda
1511 1923 1579 1977 sit,
1609 1924 1990 1971 cuiusaliae.1igurae¹

361 1985 466 2032 ipsae
493 1982 715 2020 Phoeniciae
741 1990 847 2030 sunt,
885 1985 981 2021 aliae
1007 1985 1180 2022 Numidis
1206 1987 1412 2035 peculiares
1441 1998 1492 2024 ex
1525 1988 1798 2039 antiquioribus
1830 1988 1982 2024 Punicis

362 2054 578 2084 contractae
605 2049 763 2097 passim,
797 2049 868 2085 etsi
892 2052 998 2095 raro,
1026 2051 1140 2087 etiam
1166 2052 1205 2087 in
1219 2052 1493 2088 vetustioribus
1511 2053 1766 2089 monumentis
1786 2053 1987 2101 reperiun-¹
2048 2102 2052 2106 .

362 2119 423 2149 tur
439 2113 500 2160 ²0).
552 2112 596 2149 In
613 2113 790 2150 universa
805 2119 933 2151 autem
949 2114 1019 2151 hac
1038 2114 1208 2152 doctrina
1223 2116 1311 2164 quid
1327 2116 1580 2166 superioribus
1595 2123 1789 2168 acceptum
1804 2117 1978 2164 referam,

362 2176 451 2226 quid
482 2188 507 2213 a
539 2189 600 2214 me
632 2178 694 2214 vel
730 2179 840 2215 novis
865 2179 1051 2229 exemplis
1076 2181 1266 2218 firmatum
1294 2182 1356 2218 vel
1379 2180 1551 2220 additum
1577 2180 1978 2230 emendatumque-sit,

360 2240 400 2277 id
434 2253 548 2290 quum
579 2241 648 2279 boc
664 2242 764 2282 ‘loco
797 2244 972 2293 persequi
1002 2251 1042 2281 et
1066 2245 1300 2283 ambitiosius
1331 2246 1454 2284 videri
1478 2247 1597 2295 possit
1621 2253 1709 2283 eta
1732 2247 1977 2296 praefationis

361 2306 515 2343 oonsilio
537 2307 702 2344 alienum
730 2314 811 2345 tum
837 2294 1201 2358 facile'intelligent,
1234 2311 1299 2360 qui
1325 2317 1470 2348 nostras
1490 2311 1700 2349 litterarum
1725 2311 1872 2348 tabulas
1886 2322 1975 2349 cum

423 2423 477 2466 20)
498 2426 550 2456 Ex
562 2425 681 2466 vulgari
705 2427 855 2466 scriptura
879 2426 1043 2457 Phoenicis
1064 2428 1135 2458 Nu·
1201 2429 1356 2469 reperitur
1378 2429 1438 2459 iam
1460 2430 1492 2459 in
1505 2430 1662 2460 nonnullis
1681 2429 1868 2473 Citiensibus
1890 2429 1974 2471 (eit.

359 2470 470 2507 midine
500 2478 668 2508 litteratura
696 2479 830 2509 servavit
858 2479 973 2509 litteras
1015 2477 1130 2517 Gimel,
1201 2483 1254 2518 20,
1275 2484 1304 2511 ί.
1329 2483 1383 2519 33,
1401 2481 1437 2522 1)
1461 2486 1492 2512 et
1509 2481 1625 2513 Athen.
1644 2485 1682 2520 ὃς
1717 2479 1788 2512 Che!
1810 2482 1874 2512 Cit.
1891 2484 1923 2520 8,
1944 2486 1973 2520 Ι,

360 2527 429 2566 H,
439 2522 539 2568 Τά,
569 2529 648 2570 Ioci,
676 2531 761 2568 Ain,
794 2529 872 2570 Phe,
895 2529 997 2568 Zude,
1019 2529 1129 2562 Rach.
1202 2531 1244 2563 Ga
1243 2532 1307 2573 ph·
1298 2543 1330 2563 ιιι
1345 2534 1737 2572 num.M-1=eae‚Mem
1727 2545 1759 2564 ιιι
1774 2545 1862 2564 ιιιιιιι.
1881 2534 1972 2565 Cilic.

358 2582 410 2610 Ex
430 2582 555 2621 figuris,
589 2594 669 2623 quae
695 2583 769 2614 huic
794 2583 962 2623 scripturae
987 2584 1129 2624 propriae
1197 2583 1219 2614 I
1231 2584 1290 2622 bis,
1313 2584 1441 2616 samech
1462 2585 1578 2651 Athen.
1597 2590 1626 2624 ί,
1646 2590 1676 2616 1
1980 2598 1983 2602 ·

359 2640 448 2671 sunt,
484 2634 584 2676 Aleplo
617 2641 737 2692 praeter
775 2646 886 2666 numos
926 2636 1129 2666 Cossurenses
