2242 2976
757 281 1094 315 INSCRIPTIONES
1126 281 1367 315 CITIENSES.
1656 298 1658 301 ·
1784 288 1863 328 '123

242 368 396 419 regnante
417 375 520 407 Dario
542 374 714 418 Hystaspis
735 375 804 408 filio
824 376 928 408 denuo
949 378 983 408 in
1005 378 1190 409 servitutem
1213 378 1338 409 redacti
1360 377 1504 420 (Herod.
1530 380 1560 417 5,
1585 378 1682 421 116):
1714 386 1863 424 tantaque

241 439 310 464 erat
330 432 420 464 urbis
442 433 602 474 potentia,
632 439 666 464 ut
688 432 845 475 flagrante
867 432 953 464 bello
976 433 1249 476 Peloponnesiaco
1271 436 1444 467 acerrimos
1461 434 1706 467 Atheniensium
1726 438 1863 479 impetus

241 488 366 520 fortiter
381 489 586 528 sustineret,
624 490 698 521 dein
730 501 749 521 a
777 488 913 521 Cimone
943 497 1146 533 expugnata,
1185 492 1239 533 qui
1261 491 1345 522 diem
1368 502 1549 534 supremum
1571 492 1618 524 ibi
1641 492 1721 524 obiit
1744 493 1862 533 (Diod.

243 549 295 584 12,
320 548 350 578 3.
387 545 469 578 Plut.
493 544 611 588 Cim.);
647 556 710 590 quo
736 546 821 578 facto
850 557 986 579 excusso
1016 546 1186 582 Persarum
1214 548 1290 590 iugo
1321 558 1376 590 per
1399 547 1527 591 aliquod
1550 556 1672 592 tempus
1696 551 1861 592 pristinam

240 599 420 634 libertatem
450 609 481 634 et
510 600 668 645 quandam
696 601 882 644 αὐτονομίαν
910 609 1003 645 nacta
1025 610 1082 635 est.
1136 603 1313 644 Debellatis
1342 611 1447 636 autem
1473 604 1580 646 Persis
1610 617 1688 647 mox
1713 605 1863 649 Aegypti,

242 669 319 690 mox
348 658 461 700 Syriae
490 658 621 702 regibus
649 666 822 702 paruerunt
851 658 1011 697 Citieuses
1038 659 1215 703 reliquique
1246 659 1371 702 Cyprii,
1404 661 1507 692 donec
1535 672 1645 701 omnes
1678 662 1864 700 Ptolemaeo

242 713 342 757 Cypri
363 725 464 758 regno
485 716 685 758 iniquissime
714 722 812 747 exuto
847 715 1010 749 Romanae
1042 718 1203 759 potentiae
1233 728 1359 749 cessere
1388 717 1524 759 (Strabo
1553 717 1635 750 XIV
1666 729 1737 762 pag.
1768 722 1830 754 684
1839 721 1863 762 ).

239 770 291 803 Ad
314 770 515 804 Ptolemaeos
537 778 660 817 autem.
692 771 788 815 Cypri
809 783 922 815 reges,
954 774 1116 816 pertinent
1136 773 1305 817 pleraeque
1326 775 1550 817 inscriptiones
1574 785 1708 817 graecae
1723 777 1764 808 vin
1787 775 1863 809 Citii

240 827 410 861 ruderibus
431 835 577 871 repertae
599 827 751 870 (Boeckh
774 828 872 872 Corp.
893 830 990 862 inscr.
1005 829 1055 862 T.
1074 829 1116 862 11.
1140 830 1219 862 fasc.
1235 832 1284 873 2).
1423 819 1425 821 ,

365 884 531 917 Marmora
559 885 750 917 Phoeniciis
777 886 902 918 litteris
932 890 1094 929 ‘inscripta
1123 890 1192 918 tria
1221 891 1255 919 et
1286 890 1432 930 triginta
1461 897 1479 918 e
1506 887 1721 920 fundamentis
1755 900 1862 921 muro—

217 951 310 973 ·rum
345 939 422 973 Citii
457 948 548 973 eruta
581 943 702 984 primus
730 943 855 974 invenit
883 942 1080 974 thrunnns
1111 943 1300 974 Pococxms
1330 954 1414 975 anno
1445 946 1526 976 1738
1555 945 1588 975 in
1620 943 1725 986 Cypro
1756 944 1863 977 insula

239 998 377 1041 degens,
408 1008 581 1040 eorumque
603 999 727 1040 copiam
749 998 826 1029 fecit
841 999 875 1030 in
899 998 1115 1041 Descriptz'on
1138 999 1181 1038 qs*
1196 999 1252 1031 the
1273 999 1378 1038 Euat,
1402 1000 1540 1031 Loudon
1561 1002 1654 1032 1745.
1676 1005 1707 1033 4.
1729 1001 1805 1034 Vol.
1820 1001 1863 1040 ΙΙ,

241 1053 302 1086 tab.
316 1050 356 1086 33
379 1055 419 1086 ad
443 1065 516 1097 pag.
538 1057 620 1094 213,
648 1054 691 1086 cf.
713 1053 811 1086 Vers.
835 1065 954 1097 germ.‚
981 1066 1062 1098 quae
1084 1054 1244 1097 Erlangae
1266 1056 1382 1097 prodiit
1407 1058 1499 1094 1771,
1521 1060 1553 1087 4.
1583 1067 1654 1098 pag.
1670 1059 1741 1088 309,
1786 1057 1863 1089 Post

240 1120 314 1143 eum
334 1111 444 1152 nescio
467 1121 530 1153 quo
552 1121 656 1149 anno,
685 1111 743 1142 sed
765 1117 840 1142 ante
864 1114 962 1150 1750,
985 1112 1161 1153 Pom-anus
1178 1122 1223 1142 De
1239 1111 1428 1151 Tusxmn,
1458 1113 1492 1143 in
1508 1112 1863 1149 comitatuEssexiensi

240 1166 400 1206 medicus,
422 1165 565 1210 Cyprum
582 1152 720 1198 insulam
742 1166 900 1207 lustrans,
923 1169 1054 1200 eosdem
1067 1168 1191 1211 lapides
1206 1168 1286 1200 vidit
1299 1159 1459 1211 unumque
1483 1169 1557 1211 (qui
1572 1169 1654 1211 apud
1667 1168 1864 1202 Pocockium

241 1224 399 1255 secundus
425 1224 494 1265 est)
531 1224 564 1254 in
595 1222 746 1266 Angliam
783 1235 890 1255 secum
926 1226 1124 1265 transvexit,
1160 1224 1243 1256 alios
1279 1228 1406 1267 viginti
1432 1235 1544 1257 novem
1582 1225 1686 1256 denuo
1716 1233 1864 1258 accurate

241 1279 425 1321 descripsit:
460 1279 606 1322 lapidem.
629 1287 736 1311 autem
764 1287 796 1311 et
824 1280 1008 1323 apographa
1044 1282 1116 1320 „ad
1147 1292 1223 1313 suos
1253 1292 1397 1324 quaeque
1426 1281 1550 1323 lapides
1579 1283 1794 1313 examinata“
1832 1284 1864 1314 in

241 1336 377 1378 patriam
404 1336 508 1367 redux
540 1335 658 1367 Carolo
695 1336 787 1378 Gray
817 1336 986 1379 Arinigero
1016 1339 1050 1368 in
1080 1349 1193 1369 manus
1221 1337 1368 1376 tradidit,
1406 1339 1460 1379 qui
1486 1337 1626 1380 lapidem
1648 1337 1863 1370 bibliothecae

240 1390 439 1433 Bodlejanae
461 1390 599 1434 legavit,
629 1390 684 1423 ubi
707 1391 803 1423 hodie
826 1400 1019 1425 asservatur.
1064 1388 1257 1436 Apographa
1284 1395 1369 1424 circa
1397 1404 1516 1425 annum
1547 1396 1629 1426 1750
1652 1401 1743 1425 erant
1764 1406 1862 1437 penes

242 1447 422 1490 Georgium
452 1447 586 1487 Drake,
619 1446 756 1491 collegii
785 1447 992 1481 Balliolensis
1018 1438 1161 1489 socium,
1200 1461 1270 1481 cum
1302 1451 1391 1481 cuius
1414 1451 1510 1481 venia
1531 1449 1578 1480 Io.
1605 1450 1778 1490 Swrwros,
1812 1453 1863 1482 cui

238 1502 382 1535 Drakius
409 1514 503 1535 usum
531 1514 642 1536 eorum
672 1511 893 1544 concesserat,
912 1513 915 1517 ·
933 1506 1071 1548 quinque
1103 1517 1214 1538 eorum
1242 1507 1342 1538 edidit
1369 1507 1483 1549 (inscr.
1513 1505 1575 1537 Cit.
1601 1505 1667 1537 tab.
1686 1509 1714 1537 1.
1741 1506 1852 1538 Philos

239 1557 469 1591 Transactions
492 1559 532 1591 T.
549 1563 590 1592 54
612 1560 735 1593 tab.·22
757 1562 797 1592 ad
819 1572 849 1603 p.
867 1562 965 1603 429):
993 1561 1116 1604 reliqua
1139 1561 1194 1593 ubi
1218 1563 1302 1600 sint,
1337 1563 1504 1604 ignoratur
1527 1568 1558 1592 et
1579 1555 1785 1593 metuendum
1801 1569 1861 1601 est,

239 1624 280 1647 ne
308 1617 480 1658 perierint:
523 1617 610 1659 quod
639 1627 679 1648 eo
709 1618 812 1659 magis
834 1616 1004 1649 dolendum
1029 1624 1096 1656 est,
1128 1628 1223 1660 quum
1247 1619 1316 1660 ipsa
1347 1619 1443 1649 etiam
1473 1628 1633 1649 marmora
1668 1619 1727 1657 (ut
1755 1620 1864 1650 statim

238 1671 382 1714 dicetur)
412 1673 572 1704 destructa
602 1675 683 1712 sint,
721 1672 812 1716 plura
840 1681 946 1705 autem
969 1673 1094 1705 Porteri
1123 1674 1308 1717 apographa
1334 1674 1545 1706 Pocockianis
1569 1676 1767 1706 accuratiora
1790 1686 1862 1707 esse

238 1729 415 1760 videantur.
459 1729 510 1760 En
539 1740 620 1772 quae
649 1731 850 1772 rescripserit
879 1729 947 1761 Cel.
973 1729 1080 1772 Reay,
1121 1741 1139 1761 a
1167 1742 1228 1773 quo
1259 1733 1430 1773 petieram,
1462 1738 1496 1762 ut
1518 1731 1637 1762 scrinia
1660 1729 1864 1763 Oxoniensia

239 1784 325 1816 hunc
354 1786 388 1816 in
418 1784 517 1816 finem
545 1786 758 1827 perquireret:
797 1785 846 1824 „1
873 1786 942 1817 sear
970 1786 1039 1817 that
1070 1786 1126 1819 Dr.
1156 1786 1285 1818 Porters
1315 1798 1428 1829 papers
1457 1797 1512 1818 are
1540 1786 1762 1828 irretrievably
1789 1787 1862 1819 lost.

239 1839 349 1872 There
381 1852 436 1873 are
464 1852 506 1873 no
537 1841 616 1873 such
646 1840 822 1884 belonging
851 1849 883 1873 to
913 1841 967 1873 the
999 1841 1120 1884 library
1150 1843 1187 1875 of
1213 1843 1332 1874 Balliol
1365 1842 1513 1885 College,
1555 1854 1614 1874 nor
1643 1854 1698 1874 are
1728 1842 1803 1885 they
1827 1845 1859 1875 in

239 1895 348 1929 Christ
372 1897 517 1936 Church,
540 1909 576 1929 as
596 1897 701 1930 I'was
722 1898 853 1930 assured
876 1898 953 1930 both
975 1898 1018 1940 by
1039 1898 1092 1930 the
1115 1898 1207 1930 Dean
1231 1900 1293 1930 and
1316 1898 1379 1931 Mr.
1403 1899 1519 1940 Pusey.
1563 1898 1637 1930 And
1659 1899 1674 1930 Ι
1697 1910 1746 1931 am
1771 1911 1861 1942 sorry

238 1960 272 1985 to
302 1954 383 1993 add,
420 1953 488 1985 that
516 1953 592 1995 they
621 1965 676 1985 are
706 1961 762 1986 not
789 1956 822 1986 in
852 1954 906 1986 the
930 1954 1105 1998 Bodleyan.
1149 1955 1179 1987 It
1199 1966 1336 1998 appears
1360 1955 1401 1997 by
1426 1966 1485 1986 our
1509 1955 1660 1987 donation
1686 1956 1771 1987 book
1794 1956 1863 1989 that

239 2008 278 2042 G.
297 2009 410 2042 Drake
429 2010 488 2042 left
510 2017 542 2042 to
564 2010 618 2042 the
640 2010 805 2052 Bodleyan
829 2022 918 2043 some
941 2013 1005 2044 few
1028 2011 1130 2044 books
1154 2012 1217 2043 and
1241 2013 1339 2043 coins.
1384 2011 1458 2043 And
1481 2012 1571 2043 there
1595 2011 1662 2043 also
1682 2024 1814 2055 appears
1829 2015 1861 2044 in

238 2065 293 2097 the
314 2077 403 2098 same
425 2066 512 2098 book
535 2066 571 2098 C.
586 2066 699 2108 Gray's
722 2068 873 2099 donation
898 2068 934 2100 of
948 2068 1000 2100 the
1015 2075 1125 2105 stone3
1154 2068 1210 2100 but
1227 2068 1362 2110 nothing
1378 2079 1478 2100 more.
1523 2067 1634 2099 Drake
1651 2069 1722 2100 died
1737 2068 1862 2101 several

238 2133 332 2164 years
353 2122 465 2154 before
480 2123 647 2162 Swinton,
670 2124 733 2155 and
751 2123 766 2155 I
781 2132 927 2167 suspect,
950 2125 1018 2156 that
1033 2125 1086 2156 the
1102 2136 1216 2168 papers
1231 2126 1395 2156 remained
1419 2126 1452 2156 in
1470 2125 1642 2156 Swinton’s
1666 2128 1861 2167 possession.

238 2178 254 2211 1
282 2179 478 2211 understand
507 2179 576 2211 that
598 2187 630 2211 at
654 2179 826 2212 Swinton's
850 2181 945 2213 death
968 2181 1012 2212 all
1034 2182 1084 2213 his
1108 2183 1197 2213 coins
1221 2182 1283 2213 and
1301 2181 1405 2212 books
1431 2192 1516 2213 were
1540 2180 1626 2213 sold:
1657 2193 1746 2213 some
1769 2183 1859 2213 coins

239 2236 355 2268 indeed
384 2236 424 2267 he
454 2235 525 2267 sold
554 2235 692 2268 himself.
737 2236 810 2268 And
838 2237 852 2268 Ι
883 2237 964 2268 have
994 2249 1035 2269 no
1059 2237 1157 2269 doubt
1178 2237 1245 2269 that
1265 2237 1318 2269 the
1341 2248 1471 2280 papers,
1508 2237 1615 2270 which
1638 2237 1710 2269 You
1734 2240 1860 2280 inquire

241 2291 354 2332 about,
393 2303 479 2324 were
510 2291 574 2324 lost
601 2303 638 2324 or
667 2293 836 2334 destroyed
858 2294 919 2325 and
943 2293 1078 2336 perhaps
1100 2293 1156 2325 fell
1178 2295 1245 2325 into
1267 2293 1321 2325 the
1351 2293 1453 2325 hands
1482 2294 1519 2325 of
1545 2294 1637 2325 those
1669 2294 1740 2326 who
1763 2295 1860 2326 knew

241 2348 376 2392 nothing
397 2349 493 2380 about
514 2349 611 2381 them.
622 2352 645 2368 ‘⁶
688 2349 764 2392 Ipsa
792 2358 952 2381 marmora
975 2350 1131 2387 Besehir,
1170 2351 1306 2382 turcicus
1340 2348 1437 2392 Cypri
1466 2351 1644 2393 praefectus
1675 2351 1713 2381 ad
1745 2361 1860 2390 aquae-

240 2404 352 2437 ductus
371 2404 562 2437 aedificandi
585 2417 662 2438 usus
683 2405 828 2438 adhibuit
851 2408 936 2438 circa
960 2418 1077 2438 annum
1102 2406 1183 2438 1749
1207 2409 1255 2449 (v.
1281 2405 1443 2438 Chandler
1467 2406 1633 2438 Marmora
1650 2405 1859 2442 Oxoniensia,

242 2458 364 2493 oxonii
396 2464 477 2494 1763
509 2461 565 2494 fol.
598 2461 730 2503 Syllab.—
750 2461 781 2493 II
809 2474 838 2504 p.
861 2465 891 2494 9.
927 2463 1073 2495 Swinton
1095 2464 1190 2496 inscr.
1220 2461 1283 2495 Cit.
1308 2475 1338 2506 p.
1362 2466 1392 2495 7.
1417 2466 1446 2495 8.
1485 2463 1605 2494 Philos.
1630 2461 1859 2493 Transactions

243 2516 356 2548 XLIX
380 2529 410 2560 p.
433 2519 535 2560 431),
575 2529 747 2561 eorumque
777 2519 882 2550 denuo
912 2519 1182 2562 exquirendorum
1204 2519 1365 2562 pericula,
1399 2531 1532 2562 quorum
1556 2518 1647 2561 plura
1669 2518 1752 2548 facta
1776 2524 1859 2554 sunt,

244 2574 340 2605 etiam
363 2584 383 2605 a
402 2573 582 2607 Niebuhrio
602 2576 650 2617 (v.
669 2574 854 2607 Deuteckes
866 2575 1015 2607 Mueeum
1039 2578 1120 2608 1787
1142 2588 1174 2619 p.
1191 2579 1252 2608 300
1276 2588 1342 2618 sqq.
1351 2576 1374 2617 )‚
1397 2587 1545 2607 successu
1570 2580 1756 2606 caruerunt:
1779 2583 1859 2614 quae

246 2629 330 2661 enim
365 2630 399 2660 in
435 2630 569 2662 ecclesia
602 2632 736 2673 quadam
772 2632 971 2664 Larnacensi
1007 2640 1153 2675 repertae
1183 2640 1214 2664 et
1243 2632 1283 2664 ab
1313 2643 1352 2663 eo
1385 2633 1488 2663 editae
1520 2638 1593 2662 sunt
1622 2630 1859 2670 inscriptiones,

1404 2693 1443 2721 16
1467 2694 1480 2707 *
