2242 2976
332 214 405 250 162
447 210 580 245 LIBER
595 207 840 242 SECUNDUS.
867 206 1203 240 INSCRlpTloNES
1218 206 1501 240 PHOENICIAE.
1540 207 1688 241 CAPUT
1705 204 1929 246 QUlNTUM.

334 317 429 348 quam
454 307 548 337 unius
571 302 790 346 apographum
813 303 878 333 iam
900 302 954 333 diu
971 299 1093 333 Oxonii
1114 300 1258 334 latitasse
1271 301 1398 333 videtur
1420 302 1470 343 (v.
1489 312 1542 333 no.
1561 304 1601 334 55
1611 302 1634 343 ).
1677 301 1770 339 Quae
1783 312 1835 341 eo,
1858 312 1951 345 quem

334 363 494 399 diximus,
529 371 614 391 anno
644 366 675 390 et
706 359 855 400 deinceps
885 359 1022 400 primum
1049 357 1090 389 ab
1121 357 1318 397 Humberto‚
1352 358 1426 390 dein
1458 369 1478 389 a
1499 357 1614 390 Falbio
1640 366 1673 390 et
1693 357 1842 390 Scheelio
1862 365 1954 390 eruta

333 425 409 450 sunt
430 427 606 454 marmora,
629 422 743 447 cuncta
763 415 847 457 quod
863 416 964 447 sciam
986 415 1098 446 eodem
1117 415 1150 446 iu
1165 413 1236 447 loco
1251 415 1382 446 inventa
1404 421 1478 446 sunt
1500 425 1599 457 prope
1622 425 1739 457 pagum
1764 413 1953 447 hodiernum

334 476 419 506 intra
435 474 551 504 veteris
566 471 773 514 Carthaginis
789 473 917 503 moenia
930 472 1028 503 situm
1039 493 1048 510 ‚
1073 472 1127 513 qui
1143 471 1184 503 ab
1199 469 1449 514 aquaeductibus
1466 472 1675 514 cisternisque
1689 470 1828 514 antiquis
1848 472 1954 515 mu,

335 532 429 575 vulgo
446 532 564 574 Illalqa
580 538 611 562 et
623 530 741 573 Malga
754 531 789 574 (k
803 542 859 574 pro
875 530 961 562 illius
976 532 1117 573 regionis
1132 541 1221 562 more
1237 530 1366 562 mollius
1382 529 1518 574 prolato)
1532 530 1722 574 appellatur.
1744 528 1955 567 quatu-emere

334 590 439 620 notice
463 599 519 619 sur
540 598 584 618 un
607 598 666 619 ms.
688 587 785 620 arabe
809 589 848 620 de
869 587 901 619 la
926 586 1145 630 bibliotheque
1162 588 1206 619 du
1221 587 1281 619 Boi
1295 594 1467 619 contenent
1483 586 1516 619 la
1532 587 1724 629 description
1742 586 1782 618 de
1798 584 1956 628 l'Afrique

336 645 445 687 (Paris
468 644 575 685 183¹)
604 655 633 686 p.
656 646 717 675 63:
753 642 838 683 „On
862 646 928 676 voit
950 645 969 675 a
990 642 1151 687 Carthage
1177 655 1219 676 un
1246 643 1347 687 palais
1370 643 1493 687 appelle
1518 643 1707 676 Moallakah
1728 644 1816 676 'uzal-u
1845 642 1900 685 qui
1920 651 1956 673 se

334 705 495 746 distingue
518 714 575 746 par
596 715 659 735 une
681 704 816 736 etendue
842 711 874 735 et
898 714 961 735 une
989 702 1147 734 elevation
1171 704 1398 746 prodigieuses.
1447 702 1475 735 11
1505 710 1553 735 est
1575 702 1726 745 compos&
1754 702 1793 734 de
1817 700 1957 744 galeria

337 759 465 791 voutees
499 762 551 802 qui
582 760 721 792 forment
750 760 908 803 plusieurs
930 759 1039 802 etages
1061 766 1093 791 et
1115 761 1169 802 qui
1190 760 1355 791 dominent
1376 770 1433 792 sur
1456 759 1488 792 la
1511 763 1609 792 mer“
1641 767 1673 790 et
1693 758 1765 790 Ebn
1789 756 1957 789 Chaledun

334 817 416 858 apud
454 815 712 853 Quatrernerium
751 816 771 848 l.
808 828 835 848 c.
875 817 927 855 „a
963 815 1124 858 Cartbage
1161 817 1301 847 existent
1337 826 1454 848 encore
1489 814 1711 858 aujourd'hui
1746 814 1794 846 les
1824 813 1956 846 arcades

335 873 411 904 dont
432 883 467 904 se
490 880 675 915 composent
698 872 835 905 l'edifice
857 871 982 915 appelle
1003 874 1096 907 mall
1121 873 1212 905 bu>
1236 873 1487 912 [concameratio
1500 873 1686 914 suspensaJ.
1729 871 1794 903 Les
1809 870 1958 902 habitans

334 932 373 963 de
401 930 505 963 Tunis
535 938 591 963 ont
621 931 734 963 besoin
763 932 802 963 de
831 931 949 963 choisir
980 931 1028 963 les
1056 933 1180 974 pierres
1210 932 1264 974 qui
1292 932 1422 963 doivent
1451 939 1558 963 entrer
1580 932 1659 963 daus
1681 930 1714 962 la
1739 929 1955 963 construction

335 988 374 1019 de
410 987 497 1019 leurs
534 988 709 1025 batimens3
753 995 786 1019 et
821 998 944 1019 comme
980 986 1028 1019 les
1058 988 1179 1030 pierres
1209 988 1248 1018 de
1280 998 1333 1019 ces
1362 988 1493 1019 arcades
1524 995 1597 1019 sont
1629 987 1693 1019 fort
1720 985 1869 1019 estimees
1899 984 1956 1016 des

271 1075 275 1079 Α
335 1041 541 1082 architectes,
570 1056 611 1076 on
634 1043 786 1076 s'attache
805 1045 824 1074 a
847 1055 887 1075 en
911 1042 1047 1075 demolir
1069 1042 1205 1087 quelque
1228 1045 1347 1085 partie;
1380 1044 1460 1075 mais
1482 1054 1518 1075 ce
1541 1043 1621 1076 n'est
1637 1043 1783 1086 qu'apres
1798 1041 1958 1085 plusieurs

332 1101 424 1141 jours
449 1099 590 1132 d'ell'orts
612 1108 644 1132 et
667 1112 708 1131 un
732 1099 846 1132 travail
870 1099 1016 1143 penible,
1047 1111 1107 1143 que
1132 1099 1196 1131 l'on
1215 1100 1365 1142 *parvient
1386 1101 1405 1131 a
1427 1100 1508 1132 faire
1525 1098 1669 1132 ecrouler
1687 1099 1718 1131 le
1733 1099 1879 1132 moindre
1896 1107 1957 1139 pan

336 1157 375 1188 de
398 1159 504 1188 mur.“
550 1155 600 1189 Cf.
623 1156 649 1188 F
651 1156 723 1188 albe
745 1156 767 1188 l.
784 1168 808 1188 c.
832 1168 902 1200 pag.
918 1160 967 1189 31.
986 1176 1024 1181 -
1048 1158 1080 1188 A
1101 1155 1211 1199 Malga
1233 1157 1389 1188 orientem
1411 1167 1523 1188 versus
1539 1158 1591 1188 via
1606 1157 1694 1188 ducit
1706 1157 1745 1188 ad
1761 1151 1957 1197 Necropolin

337 1211 542 1255 Carthaginis
574 1217 621 1252 (v.
642 1212 774 1245 Dureau
801 1213 840 1245 de
860 1212 892 1245 la
916 1212 1014 1245 Malle
1037 1223 1108 1256 pag.
1130 1215 1167 1245 91
1194 1224 1261 1256 sqq.
1285 1219 1317 1244 et
1337 1212 1401 1244 tab.
1425 1213 1465 1255 3)
1495 1219 1588 1256 atque
1618 1211 1782 1255 sepulcra,
1816 1211 1857 1243 ad
1877 1218 1958 1252 quae

336 1270 527 1311 pertinuisse
549 1270 696 1301 videntur
718 1270 801 1312 cippi
825 1271 925 1301 nostri
949 1280 1000 1301 no.
1026 1272 1055 1301 8.
1070 1272 1106 1306 9;
1139 1267 1203 1300 alia
1227 1270 1329 1311 magis
1345 1268 1494 1301 australis
1519 1270 1558 1301 ad
1582 1270 1679 1301 maris
1701 1268 1792 1300 littus
1814 1267 1895 1305 sert,
1917 1265 1959 1296 ad

335 1336 428 1367 qnam
459 1325 574 1356 rudera
597 1333 725 1357 exstant
746 1325 856 1368 templi
880 1325 969 1357 Deae
993 1324 1170 1364 Caelestis,
1197 1326 1230 1356 in
1254 1324 1370 1366 quibus
1395 1324 1622 1357 Humbertiani
1643 1324 1766 1368 lapides
1790 1321 1959 1355 Tanaitidi

335 1383 356 1415 i.
373 1393 400 1413 c.
419 1382 480 1423 ipsi
501 1380 589 1412 Deae
606 1380 746 1412 Caelesti
768 1383 886 1413 sacrati
911 1383 1029 1424 reperti
1052 1374 1125 1413 sunt
1155 1383 1204 1423 (v.
1228 1380 1358 1413 Dureau
1382 1392 1451 1425 pag·
1475 1381 1571 1424 t7o);
1602 1381 1642 1414 ab
1665 1382 1830 1414 occidente
1852 1385 1957 1411 autem

337 1437 466 1479 Malgae
488 1446 561 1469 sunt
584 1439 694 1470 ruinae
716 1437 959 1480 amphitheatri,
986 1449 1014 1469 v.
1039 1439 1079 1470 ad
1098 1437 1250 1481 Carthag.
1267 1441 1317 1470 ¹0.

994 1522 1298 1565 var-xmja

361 1588 974 1622 CARTHAGINENSIS
1012 1589 1250 1628 PRIMA,
1287 1588 1622 1627 SECUNDA,
1668 1570 1934 1625 TERTIA,

1007 1645 1286 1683 QUARTA

464 1713 594 1745 Eximia
624 1711 705 1744 haec
734 1720 939 1746 monumenta
969 1714 1001 1745 in
1033 1712 1149 1745 Museo
1175 1713 1386 1756 Lugdunensi
1415 1719 1598 1752 asservata,
1637 1723 1718 1755 quae
1746 1710 1958 1744 Hau-bertca-

337 1781 448 1802 norum
477 1770 621 1812 lapidum
650 1771 779 1802 nornine
808 1769 1027 1809 celebrantur,
1057 1769 1089 1802 J.
1113 1769 1155 1801 E.
1177 1768 1377 1801 Hunbertm
1405 1770 1500 1811 (vide
1523 1780 1552 1811 p.
1569 1769 1616 1811 „9)
1645 1779 1732 1800 anno
1755 1770 1836 1799 1817
1856 1776 1958 1809 prope

337 1826 479 1868 Malgam
509 1828 613 1857 vicum
644 1828 675 1858 in
699 1828 770 1869 ipso
793 1827 911 1858 veteris
934 1825 1138 1870 Carthaginis
1166 1825 1236 1858 solo
1266 1828 1362 1857 trium
1385 1832 1573 1868 quattuorve
1603 1825 1718 1867 pedum
1748 1823 1846 1856 humo
1876 1829 1959 1855 tecta

339 1883 479 1920 invenit,
512 1882 574 1913 sibi
596 1884 733 1914 invicem
757 1884 836 1914 satis
860 1884 1055 1925 propinqua,
1090 1893 1133 1915 ex
1160 1884 1230 1914 eius
1259 1883 1401 1925 regionis
1430 1881 1538 1924 lapide
1567 1881 1705 1913 calcario
1733 1891 1835 1923 eoque
1864 1878 1959 1912 fissili

338 1938 455 1970 coloris
485 1949 503 1969 e
532 1938 629 1970 rubro
660 1940 780 1970 cinerei
815 1939 1130 1982 (riilhlicla-grauer
1154 1938 1411 1979 Kalksclu'qfer)
1440 1937 1562 1968 affabre
1592 1937 1685 1969 facta.
1735 1936 1786 1968 De
1817 1938 1958 1978 genuina

339 1994 453 2026 horum
483 1993 646 2026 titulorum
675 2002 707 2025 et
737 1995 876 2026 editione
899 2002 992 2037 atque
1017 1995 1154 2027 lectione
1176 2001 1208 2025 et
1231 1995 1493 2036 interpretatione
1516 2004 1611 2036 quum
1634 1993 1853 2025 Hamakerum
1875 1994 1960 2024 inter

338 2057 370 2082 et
392 2062 443 2082 me
465 2049 660 2092 aliquantum
685 2051 893 2092 disceptatum
908 2052 966 2091 sit,
999 2051 1164 2083 historiam
1188 2050 1376 2082 litterariam
1399 2061 1510 2083 eorum
1529 2049 1623 2092 paulo
1638 2051 1801 2093 copiosius
1820 2056 1852 2080 et
1866 2059 1958 2080 accu-

337 2109 438 2139 ratius
469 2108 617 2149 persequi
647 2106 765 2148 placet:
806 2117 869 2138 non
903 2118 942 2139 eo
965 2107 1107 2150 profecto
1130 2106 1284 2144 consilio,
1322 2113 1357 2137 ut
1379 2107 1419 2138 de
1441 2108 1562 2138 meritis
1585 2107 1762 2138 doctissimi
1783 2104 1956 2147 Philologi,

340 2175 435 2206 quem
467 2163 563 2195 rebus
594 2163 740 2194 humanis
771 2171 973 2204 praematura
1003 2170 1116 2195 morte*
1137 2171 1279 2206 ereptum
1301 2164 1404 2205 patria
1425 2162 1533 2206 luget,
1573 2162 1736 2194 detraham
1760 2169 1793 2194 et
1815 2162 1854 2194 de
1876 2163 1957 2193 meis

338 2220 531 2252 coniecturis
553 2218 692 2260 lapidum
716 2220 895 2251 accuratius
917 2221 1132 2262 inspectorum
1154 2221 1342 2251 auctoritate
1364 2218 1499 2251 firmatis
1520 2218 1657 2262 glorier,
1685 2219 1741 2251 sed
1762 2225 1871 2250 utnon
1887 2219 1957 2249 sine

339 2287 454 2308 caussa
475 2275 516 2307 ab
534 2274 713 2307 Hamakeri
735 2277 893 2307 sententia
921 2283 986 2308 tam
1018 2277 1132 2319 cupide
1161 2283 1256 2318 atque
1279 2286 1406 2309 morose
1428 2275 1560 2308 defensa
1582 2276 1754 2308 recessisse
1776 2280 1807 2306 et
1828 2275 1862 2306 in
1886 2285 1958 2306 mea

338 2341 369 2365 et
390 2332 528 2364 lectione
550 2339 582 2363 et
603 2333 861 2373 interpretatione
886 2334 1062 2373 perstitisse
1088 2333 1215 2371 videar,
1240 2342 1432 2374 caveamque
1451 2343 1491 2364 ne
1510 2330 1774 2374 palaeographiae
1790 2330 1959 2373 disciplina

338 2402 358 2422 a
378 2387 533 2432 praeclari
558 2388 636 2426 viri,
671 2388 703 2418 in
726 2386 845 2429 linguis
868 2394 975 2419 tamen
999 2387 1142 2421 Orientis
1166 2391 1269 2432 magis
1290 2400 1386 2432 quam
1407 2389 1440 2420 in
1463 2389 1620 2430 scriptura
1640 2388 1827 2425 exercitati,
1849 2395 1957 2419 aucto—

340 2448 432 2479 ritate
454 2444 574 2487 aliquid
598 2444 781 2475 detrimenti
803 2444 916 2485 capiat.

466 2501 648 2533 Editionem
673 2500 769 2541 igitur
791 2498 904 2530 horum
926 2511 1119 2533 marmorum
1143 2512 1162 2532 a
1183 2513 1219 2533 se
1242 2503 1444 2534 inventorum
1472 2507 1505 2532 et
1531 2499 1637 2543 paullo
1659 2508 1731 2543 post
1753 2511 1772 2531 a
1793 2499 1818 2531 F
1821 2500 1957 2532 riderico

342 2557 521 2597 Guilelmo,
551 2555 704 2589 Bataviae
726 2568 821 2600 rege,
855 2563 1053 2589 coemtorum
1081 2558 1149 2599 ipse
1173 2557 1370 2590 Humbertus
1394 2560 1476 2590 1820
1497 2558 1530 2589 in
1553 2558 1688 2599 patriam
1716 2557 1818 2588 redux
1840 2567 1956 2600 magno
