2242 2976
346 273 422 310 294
492 270 626 310 LIBER
648 269 852 303 TERTIUS.
895 268 955 301 DE
979 267 1122 300 NUMls
1144 265 1410 301 PHOENJCII&
1454 266 1609 310 cami*-
1623 268 1840 303 TERTIUM.

861 361 929 396 XI.
982 360 1452 394 SYRACUSAE.

475 440 652 472 Nmnornm
670 437 853 470 Siculorum
876 438 996 470 Punice
1019 439 1242 480 inscriptorum
1267 439 1408 470 omnium
1433 438 1487 480 qui
1510 434 1648 469 exstaat'
1659 433 1967 480 elegantissimorum

349 497 470 531 nullum
503 506 606 539 genus
641 495 679 526 ad
718 495 911 536 Syracusas,
956 493 1086 526 Siciliae
1117 493 1244 526 urbium
1278 492 1375 536 longe
1410 492 1723 537 splendidissimam,
1767 492 1968 530 referendum

348 555 466 591 videri,
501 562 597 594 saepe
629 552 744 593 diuque
772 552 905 583 miratus
934 562 1025 590 snm,
1061 561 1249 599 mecumque
1285 551 1391 582 mirati
1426 556 1501 582 sunt
1533 547 1589 581 alii
1626 559 1732 594 rerum
1770 549 1969 592 antiquarum

347 616 542 644 scrutatores
570 609 610 650 ⁸).
662 606 809 640 Tandem
838 618 902 639 non
936 608 1006 639 sine
1037 618 1153 650 magna
1179 606 1301 646 laetitia
1330 608 1457 645 inveni,
1496 606 1578 639 duos
1608 604 1827 638 nobilissimos
1856 612 1970 638 numos
2026 598 2029 600 ’

349 665 661 704 Siculo-Punicos,
699 665 753 707 qui
786 663 918 706 reliquis
947 663 1128 701 volumine,
1166 662 1401 706 pulchritudine
1435 669 1467 694 et
1497 663 1601 694 nitore
1624 663 1756 694 'tautum
1794 661 1971 704 praestan&

348 730 502 769 quantum
525 721 704 763 Syracusae
719 719 889 763 splendore
907 728 939 752 et
955 719 1119 763 opulentia
1141 711 1273 762 reliquis
1294 718 1424 750 Siciliae
1447 718 1582 750 urbibus
1603 716 1816 757 antecellunt,
1839 717 1974 751 testihm

348 778 534 824 epigraphis
556 777 685 809 Punicis
708 788 771 809 non
794 775 875 809 alias
898 788 991 820 qnam
1015 777 1234 818 Syracusanas
1258 785 1329 807 esse
1351 781 1383 807 et
1405 775 1446 807 ad
1467 770 1972 818 antiquissimam-Syracusarum

350 844 491 881 partem,
518 845 599 878 quae
623 833 733 866 Natat
757 834 826 871 sive
848 833 966 866 Insula
989 831 1185 876 appellatur,
1214 833 1387 874 pertinere.
1948 824 1961 843 l

432 921 461 949 1.
506 916 599 948 Prior
620 922 670 947 est
691 926 806 947 numus
829 922 1000 958 argenteus
1021 916 1164 947 omnium
1188 913 1308 946 Punice
1328 914 1555 957 inscriptorum
1574 913 1751 945 maximus:

478 981 587 1023 Caput
610 981 742 1013 Cereri,
762 984 862 1023 epicis
878 984 1067 1013 coronatus·
1083 983 1116 1011 et
1136 978 1307 1011 mam-’bue
1322 982 1472 1010 ornatum
1489 978 1534 1009 ad
1546 981 1611 1013 siu.
1637 977 1664 1019 )(
1692 977 1844 1020 Pegaeun
1861 963 1974 1010 bolam

350 1040 395 1072 ad
416 1039 588 1076 dextram,
625 1039 659 1069 in
689 1048 753 1069 uno
775 1035 927 1079 exemplo
957 1035 1093 1077 (Bayer.
1118 1035 1141 1067 l.
1165 1045 1193 1066 c.
1224 1032 1287 1065 tab.
1310 1032 1359 1064 IV
1381 1044 1434 1065 no.
1457 1034 1516 1074 18)
1548 1043 1647 1076 equus
1669 1034 1798 1066 tolutim
1820 1032 1974 1066 innectens

351 1101 430 1127 ante
442 1095 590 1137 palata..
635 1093 724 1125 Infra
737 1094 876 1135 quinque
892 1091 1019 1123 litterae
1033 1091 1184 1130 Punicae,
1207 1100 1340 1133 quarum
1355 1091 1458 1132 prima
1473 1091 1505 1121 in
1525 1088 1690 1122 nonnullis
1703 1088 1861 1132 exemplis
1873 1086 1974 1122 deest.

350 1153 528 1184 Ediderunt
550 1161 623 1182 eum
646 1148 803 1181 d'Orville
823 1149 857 1180 in
882 1147 1002 1180 Siculis
1023 1148 1086 1179 tab.
1110 1151 1140 1186 1,
1162 1151 1202 1185 4,
1233 1146 1272 1177 ad
1296 1144 1445 1188 exempla
1467 1145 1662 1177 Parisiensia
1684 1144 1823 1177 Pellerin
1842 1143 1975 1178 Recueil

350 1208 408 1245 ΙΙΙ,
433 1207 473 1249 pl.
491 1210 531 1238 88
554 1217 608 1238 no.
626 1208 655 1237 6.
686 1205 834 1238 Mionnet
854 1203 896 1236 Τ.
914 1203 927 1235 l
950 1214 977 1245 p.
991 1206 1053 1236 267
1076 1214 1128 1235 no.
1144 1205 1218 1235 476.
1232 1204 1313 1241 47⁷,
1340 1209 1371 1232 et
1388 1200 1520 1233 Recueil
1540 1201 1597 1232 des
1615 1200 1772 1234 Planches
1793 1200 1858 1234 tab.
1874 1203 1928 1240 20,
1941 1203 1973 1234 6.

350 1265 414 1297 tab.
434 1266 477 1296 66
503 1274 555 1294 uo.
578 1267 619 1300 4,
654 1262 695 1293 ad
717 1259 866 1303 exempla
887 1261 920 1291 in
944 1259 1104 1302 Hispania
1125 1265 1292 1291 asservata
1314 1257 1420 1299 Bayer
1449 1258 1490 1290 ad
1520 1256 1652 1290 Sallust.
1674 1268 1705 1300 p.
1727 1259 1792 1290 376
1813 1256 1901 1300 (tab.
1923 1255 1973 1294 lv

350 1332 402 1354 no.
428 1323 476 1352 18.
500 1321 538 1350 19
558 1318 609 1349 ad.
629 1316 774 1360 gamm),
809 1317 850 1348 ad
871 1315 1107 1348 Monachiense
1130 1314 1240 1347 Caroli
1261 1325 1281 1346 a
1303 1306 1475 1357 Gemming
1497 1312 1592 1346 Wihl
1614 1314 1654 1346 da
1675 1313 1776 1345 inscr.
1795 1312 1914 1356 phoen-
1938 1314 1974 1346 iu

350 1375 465 1415 titulo,
503 1374 618 1416 quibus
649 1384 721 1419 noa¹
739 1373 887 1405 addimus
916 1373 980 1405 duo
1009 1371 1157 1415 exempla
1187 1371 1409 1404 Londinensia
1431 1370 1492 1403 litt.
1515 1369 1553 1402 A.
1577 1368 1617 1403 B.
1659 1369 1843 1413 Epigraphe
1862 1369 1922 1414 litt.
1945 1368 1974 1402 C

351 1445 391 1466 ex
414 1432 515 1464 altero
540 1430 658 1472 Bayeri
687 1428 836 1472 exemplo
858 1430 959 1472 petita
981 1436 1043 1461 est.

477 1499 513 1530 ln
543 1497 715 1540 epigraphe
744 1497 882 1541 legenda
915 1498 947 1528 in
983 1496 1047 1528 alia
1074 1497 1183 1528 omnia
1211 1494 1360 1527 abierunt
1388 1495 1591 1536 interpretes.
1649 1493 1694 1526 Ut
1721 1495 1806 1526 enim
1838 1504 1974 1536 nuper-s

352 1555 470 1590 Wihlii
492 1566 593 1598 nugas
615 1561 758 1592 taceam,
790 1555 844 1596 qui
867 1554 920 1596 (p.
937 1553 998 1594 51)
1022 1554 1054 1583 in
1072 1553 1218 1583 oratione
1240 1552 1279 1582 de
1302 1550 1363 1582 hoc
1389 1561 1486 1582 numo
1517 1549 1777 1585 habitavi-12⁸2*
1801 1559 1972 1589 eurem-en,

352 1610 694 1654 „Schnell-Lliafer“
709 1611 787 1652 (imo
803 1620 922 1652 genere
938 1609 1111 1640 feminino:
1131 1606 1468 1647 Schnell-Lauterin)
1485 1607 1711 1649 interpretatur
1725 1607 1822 1649 idque
1838 1605 1974 1648 Pegaso,

352 1678 392 1699 eo
413 1673 520 1699 tamen
539 1667 669 1698 volam
696 1677 761 1699 non
791 1667 953 1704 currenti,
989 1664 1132 1706 adprime
1162 1663 1434 1696 accommodatum
1465 1669 1575 1694 censet
1602 1663 1710 1705 (quasi
1738 1673 1816 1695 vero
1842 1671 1974 1694 necatae

352 1725 482 1762 fuisset,
522 1722 630 1754 verbis
658 1722 841 1761 declarare,
881 1722 957 1765 quid
984 1720 1042 1752 illa
1070 1721 1178 1763 imago
1207 1720 1499 1762 repraesentaret):
1538 1717 1717 1751 Pellerinus
1747 1716 1900 1759 (Reeueil
1929 1716 1975 1750 111

353 1792 383 1823 p.
399 1783 451 1812 20.
467 1779 529 1821 21)
558 1786 591 1811 et
611 1778 829 1822 Lindbergius
853 1779 945 1822 (pag.
967 1778 1030 1818 42)
1052 1787 1124 1808 eam
1146 1775 1293 1819 legerunt
1313 1784 1430 1820 upupa
1452 1783 1485 1807 et
1506 1785 1620 1819 npwp,
1652 1775 1736 1818 quod
1761 1773 1977 1817 Carthaginie

355 1847 469 1868 nomen
486 1846 557 1867 esse
573 1836 797 1874 coniecerunt,
819 1833 933 1867 falsam
948 1834 988 1866 de
1003 1833 1111 1865 littera
1125 1832 1266 1865 secunda
1289 1840 1320 1865 et
1342 1839 1455 1876 quarta
1477 1832 1666 1864 sententiam
1687 1832 1790 1863 secuti
1813 1831 1865 1872 (v.
1879 1841 1978 1874 supra

353 1896 387 1935 p.
410 1895 486 1932 20);
526 1891 669 1932 Bayerus
699 1891 720 1922 l.
751 1902 779 1923 e.
813 1898 846 1923 et
874 1889 1121 1923 Bellermannus
1149 1889 1203 1932 (Ι,
1233 1901 1307 1933 pag.
1341 1891 1400 1931 20)
1436 1896 1557 1922 ηιξ-’κδ
1594 1887 1716 1931 (male,
1746 1897 1843 1930 quum
1870 1885 1933 1918 litt.
1955 1888 1976 1919 2
2021 1900 2027 1905 ·

355 1955 387 1980 et
407 1953 428 1979 4
457 1947 627 1978 manifesto
650 1947 762 1978 eadem
791 1949 873 1990 sit),
911 1947 996 1989 quod
1027 1946 1165 1988 Byrsa·
1195 1944 1404 1989 Carthaginis
1433 1945 1617 1988 significare
1646 1950 1854 1980 censuerunt3
1892 1952 1976 1975 unua

356 2002 601 2044 Barthelemyus
631 2010 664 2034 et
692 2010 762 2045 post
792 2015 865 2036 eum
896 2002 1077 2035 Pellerinus
1098 2004 1206 2045 priora
1232 2009 1408 2034 retractans
1438 2001 1622 2044 (Supplem.
1651 1999 1699 2031 lv
1733 2010 1766 2042 p.
1795 2000 1857 2041 78)
1891 1990 1976 2030 recte

356 2061 435 2092 vidit
465 2059 635 2102 legendum
663 2070 735 2091 esse

1106 2108 1225 2136 ΠΝἾΝΒ

356 2179 432 2212 licet
468 2179 507 2210 de
545 2179 805 2220 interpretatione
835 2177 1005 2210 dubitaret.
1061 2177 1146 2209 Vide
1184 2187 1265 2220 quae
1300 2177 1340 2208 de
1373 2175 1461 2209 illius
1488 2175 1613 2208 litterae
1653 2180 1808 2218 potestate
1837 2150 1988 2215 disputa--

357 2238 461 2268 vimus
485 2245 557 2277 pag.
584 2236 635 2265 20.
657 2238 707 2265 21.
752 2234 796 2266 Ut
825 2247 843 2265 a
870 2234 1009 2266 lectione
1032 2234 1072 2266 ad
1100 2235 1395 2277 interpretationem
1424 2233 1683 2276 progrediamur,
1720 2232 1784 2263 iam
1806 2231 1892 2273 prius
1916 2239 1975 2261 nos

357 2290 582 2335 (Ephemerid.
605 2289 681 2321 Hal.
702 2293 781 2321 1825
806 2302 859 2323 no.
883 2294 935 2323 63.
963 2289 1129 2334 Palaeogr.
1151 2291 1284 2323 Studien
1306 2301 1339 2333 p.
1354 2290 1414 2332 66)
1438 2290 1576 2332 quinque
1597 2287 1671 2320 illas
1691 2286 1814 2320 litteras
1838 2287 1873 2318 in
1896 2286 1976 2318 duas

358 2359 454 2380 voces
476 2346 701 2389 dispescendas
723 2356 794 2376 esse
819 2340 851 2377 e't

625 2414 683 2467 fi&
716 2433 800 2468 ἾΝΞ
830 2427 910 2472 (ΠΝ
943 2431 1047 2486 Ἶιξξι)
1229 2425 1330 2472 fons
1355 2419 1460 2472 ειξηί
1481 2436 1509 2460 s.
1537 2420 1721 2471 miraculi

412 2567 439 2600 *)
466 2569 511 2594 De
537 2566 624 2593 Golzii
643 2574 725 2592 numo
746 2565 914 2598 adulterino,
945 2566 991 2599 qui
1015 2567 1047 2592 ad
1073 2567 1219 2601 Syracusas
1237 2567 1405 2594 referebatur
1421 2577 1437 2594 a
1455 2552 1661 2600 Barthelemyo‚
1684 2574 1709 2593 v.
1727 2573 1808 2599 supra
1827 2565 1859 2590 ad
1879 2570 1973 2590 numos

360 2616 578 2648 Panormitaaos,
603 2623 647 2641 no.
667 2616 706 2640 IX
725 2619 795 2641 extr.
