2242 2976
354 289 470 324 NUMI
494 289 746 322 PHOENICES
761 288 1005 322 PROPRIAE.
1033 288 1091 331 yl.
1114 287 1315 328 ARADUS,
1336 288 1543 322 BERYTUS
1565 287 1723 322 CARNE.
1825 294 1898 330 275

269 385 442 428 epigraphe
455 384 682 423 ΑΡΑΛΙΩΝ,
706 383 758 415 vel
774 390 1047 426 monogrammate
1068 383 1135 415 ΑΡ.
1157 390 1373 426 agnoscuntur
1394 383 1487 425 (vido
1503 383 1643 416 Pellerin
1667 384 1726 424 ΙΙΙ,
1742 385 1805 417 tab.
1826 389 1896 417 119.

269 442 415 473 Swinton
440 443 473 472 in
500 440 621 472 Philos.
643 440 810 472 Transaet.
831 440 860 472 L
882 440 946 471 tab.
967 443 1017 471 31.
1047 440 1196 472 Mionnet
1218 440 1262 479 V,
1288 452 1318 482 p.
1333 443 1486 484 454¹sqq.
1509 440 1676 484 Lindberg
1698 453 1727 484 p.
1743 444 1785 474 33
1799 443 1898 485 sqq.),

268 508 387 540 paucae
419 497 542 529 litterae
575 498 767 529 Phoeniciae
797 504 890 535 sunt,
931 495 1118 539 plerumque
1148 498 1248 542 dnae,
1286 498 1389 528 rarius
1418 504 1483 536 tres
1512 505 1700 541 quattuorve
1724 497 1896 540 v(Pellerin

268 542 332 585 tab.
356 557 416 586 119
439 566 492 586 no.
515 558 545 586 2.
569 558 648 592 22),
681 555 714 585 in
739 553 812 585 aliis
834 552 990 595 exemplis
1011 551 1114 592 aliae,
1145 552 1232 585 velut
1254 563 1310 598 3⁸,
1333 561 1387 595 72,
1420 562 1466 597 32,
1492 564 1554 593 ῆν,
1584 556 1752 597 praeterea
1776 556 1808 586 in
1831 556 1898 588 ima

268 621 383 642 aversa
413 611 512 642 cifrae
540 610 734 642 Phoeniciae
770 621 878 642 aeram
911 610 1106 648 indicantes,
1146 621 1226 652 quae
1255 610 1443 653 plerumque
1474 613 1691 643 centenarium
1730 622 1897 645 numerum

267 668 439 699 excedunt.
482 667 518 699 In
542 666 717 710 epigraphe
741 676 800 705 w,
824 677 918 710 quam
934 665 1089 698 nonnulla
1103 666 1251 709 exempla
1267 666 1397 705 habent,
1420 667 1638 710 Lindbergius
1651 668 1767 700 Aradi
1779 658 1895 701 nomen

267 726 426 766 reperisse
455 723 518 756 sibi
548 724 635 755 visus
666 731 729 755 est:
767 733 862 766 quum
895 734 971 755 vero
1000 722 1096 755 huius
1126 723 1251 755 insulae
1279 734 1394 754 nomen
1426 723 1459 755 in
1489 723 1532 756 V.
1558 723 1597 755 T.
1631 724 1790 757 scribatur
1812 734 1895 772 ''12¹7ss

266 780 386 813 Ezech.
409 775 482 820 27‚‘
495 784 524 811 8.
550 783 607 818 11,
645 790 765 822 eaeque
793 779 919 811 litterae
950 780 982 810 in
1011 782 1121 822 paucis
1149 779 1307 822 exemplis
1327 781 1552 818 inveniantur,
1582 781 1614 811 in
1639 780 1730 820 aliis,
1762 769 1895 825 quorum

265 840 356 881 origo
379 836 555 878 Aradensis
577 835 676 868 multo
700 838 816 868 certior
838 843 904 875 est,
927 835 1010 867 aliae
1034 844 1256 879 compareant,
1281 836 1339 868 has
1362 835 1486 868 litteras
1509 836 1636 868 insulae
1659 849 1774 869 nomen
1794 841 1895 871 conti-

266 905 342 926 nere
365 893 444 925 mihi
467 905 532 925 non
556 893 750 936 persuadeo:
782 901 814 924 et
837 893 984 924 videntur
1007 903 1065 923 eae
1087 894 1213 935 potius,
1240 900 1273 924 ut
1296 894 1327 924 in
1352 893 1613 925 Marathensibus
1635 895 1748 925 tertiae
1771 897 1896 939 epigra-

263 949 342 992 phes
357 949 496 989 litterae,
520 961 576 992 per
593 945 815 991 compendium
831 950 1074 991 magistratuum
1093 960 1208 980 nomen
1232 950 1402 981 indicasse.
1441 950 1592 982 Ceterum
1610 962 1705 993 quum
1721 952 1891 990 admodum

262 1008 387 1038 incerta
409 1007 452 1038 sit
474 1007 514 1037 de
537 1005 587 1037 his
612 1007 717 1037 numis
740 1006 929 1047 disputatio,
954 1003 1069 1047 quibus
1085 1016 1187 1048 neque
1203 1005 1457 1048 palaeographia
1474 1017 1576 1050 neque
1592 1006 1704 1050 lingua
1721 1008 1895 1041 Phoenicia

234 1083 242 1090 .
262 1072 458 1106 magnopere
481 1061 638 1093 illustrari
659 1067 780 1103 potest,
812 1071 868 1092 eos
890 1062 1001 1102 paucis
1024 1061 1170 1103 attigisse
1193 1063 1271 1092 satis
1294 1061 1460 1093 habemus.

385 1121 421 1155 ,2.
465 1117 578 1160 Neque
608 1119 745 1149 certiora
775 1117 814 1149 de
844 1116 965 1158 Beryti
991 1118 1096 1148 numis
1120 1117 1269 1149 dixerim.
1314 1116 1350 1148 In
1375 1117 1447 1150 aliis
1475 1119 1527 1159 (v.
1550 1118 1689 1151 Pellerin
1714 1120 1822 1164 Suppl.
1845 1121 1892 1153 IV

262 1175 327 1208 tab.
349 1175 388 1216 3)
423 1181 498 1206 sunt
527 1175 609 1206 duae
639 1173 767 1205 litterae
795 1182 862 1214 -ιτι,
899 1184 980 1216 quae
1003 1173 1092 1205 urbis
1115 1184 1231 1205 nomen
1258 1173 1375 1218 (in-na)
1401 1176 1565 1206 continere
1592 1177 1731 1218 possint:
1763 1179 1795 1208 in
1819 1177 1892 1210 aliis

262 1239 366 1268 autem
391 1230 566 1274 epigraphe
589 1230 630 1262 ab
654 1230 726 1262 aliis
749 1229 842 1262 aliter
865 1231 950 1273 picta
979 1231 1030 1272 (v.
1053 1229 1114 1261 litt.
1137 1228 1174 1260 C.
1199 1241 1228 1261 a.
1254 1229 1285 1261 b.
1313 1241 1356 1261 ex
1378 1229 1552 1263 Pellerinio
1575 1231 1598 1263 l.
1623 1243 1649 1264 c.
1674 1240 1705 1264 et
1725 1233 1893 1266 Mionneto

262 1287 308 1328 V,
334 1289 437 1329 335),
469 1288 508 1318 de
531 1298 612 1329 qua,
646 1298 741 1330 quum
761 1289 865 1329 ipsum
888 1298 1018 1318 numum
1043 1297 1106 1318 non
1132 1287 1286 1326 viderim,
1317 1293 1422 1318 tacere
1445 1286 1548 1327 malo,
1578 1299 1670 1331 quam
1694 1290 1734 1321 ad
1758 1297 1895 1323 temera-

262 1346 327 1376 rias
347 1344 548 1375 coniecturas
573 1343 690 1375 delabi.

390 1403 420 1433 3.
470 1400 619 1438 Garnae,
650 1399 846 1431 Phoeniciae
873 1400 1010 1442 oppido,
1047 1400 1081 1430 in
1109 1410 1171 1442 quo
1200 1399 1313 1431 navale
1348 1407 1416 1431 erat
1438 1399 1653 1432 Aradensium
1686 1401 1742 1443 (τὸ
1764 1402 1892 1436 ἐπίνειον

261 1461 318 1499 τῆς
342 1456 475 1502 Ἀράδου
499 1455 604 1488 Strab.
625 1455 710 1488 XVI
730 1467 762 1498 p.
787 1459 857 1489 753.
887 1455 970 1487 Plin.
994 1459 1031 1494 5,
1062 1458 1110 1486 20.
1143 1455 1253 1498 Steph.
1277 1455 1355 1497 Byz.
1379 1467 1410 1488 v.
1427 1455 1559 1499 Κάρνη)
1588 1468 1607 1488 a
1628 1457 1681 1489 Fr.
1708 1458 1740 1489 P.
1765 1457 1891 1501 Bayero

263 1518 358 1558 (pag.
383 1517 422 1546 10
445 1514 493 1545 ed.
518 1513 642 1555 germ.)
666 1512 816 1544 tribuitur
839 1523 974 1551 numuS,
1005 1522 1097 1554 quem
1122 1512 1266 1544 dedimus
1289 1512 1349 1544 litt.
1371 1513 1401 1544 D
1426 1514 1465 1544 ad
1491 1512 1606 1554 Bayeri
1630 1514 1889 1556 delineationem,

261 1571 321 1603 litt.
345 1571 372 1602 E
397 1570 571 1602 secundnm
593 1568 797 1601 Mionnetum
826 1569 890 1600 tab.
918 1571 979 1607 25,
1011 1571 1135 1613 no.'88.
1182 1567 1327 1600 Duarum
1350 1569 1594 1612 epigrapharum
1619 1581 1714 1612 quum
1738 1578 1824 1605 tanta
1847 1575 1888 1606 sit

263 1629 448 1665 diversitas,
480 1637 601 1668 nosque
627 1637 757 1657 numum
781 1628 903 1668 ipsum,
936 1626 990 1671 qui
1013 1635 1256 1667 perrarus-esse
1280 1626 1424 1665 videtur,
1456 1636 1519 1657 non
1544 1626 1737 1666 viderimus,
1771 1636 1889 1662 certam

262 1685 452 1715 sententiam
481 1684 604 1722 dicere,
640 1684 846 1715 temerarium
877 1689 936 1714 est.
991 1679 1064 1712 Non
1103 1679 1252 1723 displicet
1287 1689 1393 1714 tamen
1430 1681 1648 1725 Lindbergius
1685 1683 1780 1727 (pag.
1811 1687 1891 1727 34),

262 1742 315 1782 qui
339 1739 533 1782 epigraphen
557 1739 617 1771 litt.
642 1740 668 1771 E
691 1739 784 1781 legit:
829 1748 876 1771 az:
900 1748 961 1782 7³17
985 1748 1085 1769 cornu
1113 1737 1208 1779 Tyri,
1239 1739 1322 1781 quod
1346 1750 1416 1770 cum
1440 1739 1557 1781 Bayeri
1581 1741 1763 1773 coniectura
1787 1744 1891 1775 conci-

262 1796 333 1828 liari
358 1803 471 1839 potest.
515 1796 665 1827 Fortasse
697 1796 782 1826 enim
810 1795 918 1826 Carne
942 1803 989 1828 ’³2
1014 1804 1077 1838 355>
1111 1805 1136 1826 S.
1161 1797 1415 1836 promontorium
1438 1794 1517 1838 Tyri
1543 1795 1699 1839 appellata
1723 1805 1780 1831 est.

760 1971 979 2005 CAPUT
1020 1969 1400 2005 SECUNDUM.

611 2045 647 2083 N
710 2043 742 2081 U
802 2044 843 2080 M
903 2044 921 2079 Ι
1013 2042 1042 2079 C
1101 2044 1120 2079 I
1178 2043 1208 2079 L
1270 2043 1288 2079 Ι
1350 2043 1379 2081 C
1439 2046 1453 2081 l
1516 2047 1543 2082 Ι.

389 2138 656 2180 Antiquissimum
682 2147 851 2168 numerum
875 2135 1056 2178 phoeniciis
1079 2134 1195 2167 litteris
1218 2137 1445 2178 inscriptorum
1474 2148 1576 2179 genus
1599 2145 1648 2170 est
1671 2150 1799 2178 eorum,
1837 2141 1889 2182 qui

262 2197 293 2226 in
318 2195 415 2226 variis
437 2193 570 2224 Ciliciae
595 2193 727 2224 urbibus
749 2193 809 2225 sub
833 2192 1002 2224 Persarum
1026 2193 1165 2234 imperio·
1181 2194 1247 2224 cusi
1263 2199 1353 2231 sunt,
1377 2203 1511 2234 quorum
1526 2195 1675 2237 exempla
1691 2197 1723 2226 in
1740 2195 1890 2226 omnibus

264 2250 385 2298 Μηδεὶς
404 2261 469 2281 non
494 2261 594 2291 pauca
613 2256 755 2288 exstant,
779 2259 877 2291 saepe
892 2256 923 2280 et
937 2249 1022 2280 edita
1037 2256 1069 2280 et
1083 2249 1244 2290 descripta
1266 2250 1314 2290 (v.
1331 2250 1481 2281 Pellerin
1497 2251 1640 2283 Reweil
1658 2251 1716 2290 111,
1735 2251 1797 2286 tab.
1819 2254 1888 2282 122.

265 2305 393 2338 Dutem
416 2307 492 2338 diss.
517 2306 580 2337 tab.
600 2310 628 2337 1.
660 2306 781 2338 Phclos.
801 2307 1037 2336 Transactiom
1061 2305 1158 2338 LVII
1177 2306 1240 2338 tab.
1259 2309 1308 2337 12.
1334 2305 1461 2339 Eckhel
1475 2307 1626 2351 Catalog.
1642 2308 1730 2340 Mm.
1752 2307 1887 2339 Vindob.

263 2361 303 2393 T.
323 2361 349 2400 I,
379 2362 442 2394 tab.
469 2364 499 2396 5.
534 2374 619 2394 num.
644 2370 717 2396 vett.
740 2362 802 2394 tab.
829 2364 886 2401 16,
929 2361 974 2393 D.
998 2360 1042 2393 N.
1072 2361 1138 2401 III,
1162 2366 1224 2394 412
1247 2374 1321 2406 sqq.r
1351 2361 1500 2395 Mnoemn
1531 2364 1664 2396 Wiczat
1685 2364 1717 2403 I,
1748 2364 1812 2395 tab.
1837 2367 1886 2396 26.

254 2416 416 2452 .M2·onnet
437 2419 495 2459 111,
521 2431 550 2462 p.
576 2422 637 2451 662
663 2430 730 2462 sqq.
768 2419 895 2450 recueil
923 2418 979 2449 des
1003 2418 1160 2460 planckee
1189 2418 1253 2450 tab.
1277 2422 1326 2450 22.
1361 2420 1435 2451 Am.
1466 2421 1597 2464 Peyron
1626 2420 1701 2452 diss.
1724 2421 1764 2451 de
1786 2424 1888 2452 numi&

270 2473 498 2514 Tar-censibus,
538 2478 570 2507 in
601 2475 700 2507 stlem.
732 2475 819 2507 della
842 2475 1032 2507 accademia
1055 2475 1093 2507 cli
1118 2475 1238 2507 Tot-ino
1261 2474 1300 2506 T.
1322 2474 1439 2507 XXV.
1477 2475 1650 2519 Lindberg
1671 2488 1699 2518 p.
1723 2477 1805 2518 46),
1849 2476 1889 2506 ab

266 2532 488 2571 interpretibus
514 2540 618 2563 autem
642 2532 811 2562 admodum
836 2531 990 2574 neglecta.
1036 2531 1193 2563 Fabricae
1213 2539 1286 2564 sunt
1307 2539 1371 2563 tam
1396 2531 1572 2573 elegantis,
1603 2540 1637 2564 ut
1655 2533 1889 2563 Panormitanis

266 2596 367 2627 paene
402 2593 434 2618 et
471 2587 681 2629 Syracusanis
710 2587 845 2630 palmam
882 2590 1094 2631 praeripiant,
1133 2595 1281 2631 tantaque
1313 2589 1404 2629 copia
1437 2590 1523 2627 cusi,
1564 2598 1595 2620 ut
1626 2590 1707 2620 adeo
1738 2589 1769 2618 in
1800 2587 1890 2618 lndia

266 2641 414 2684 exempla
435 2652 543 2675 eorum
568 2645 697 2675 inventa
719 2646 794 2675 sint.

1263 2705 1302 2734 35
1318 2708 1332 2724 *
