2242 2976
364 289 442 325 270
526 284 658 318 LIBER
678 281 883 315 TERTIUS.
931 280 990 313 ΟΕ
1011 279 1155 313 ΝΠΜ18
1176 278 1444 313 pneumam*
1471 278 1836 314 -Gamrssmfflnm

365 380 487 423 figura,
517 387 629 408 omnes
652 386 707 407 eas
726 375 850 406 formas
869 374 955 417 Caph
978 385 1069 414 ease,
1099 373 1194 417 plane
1216 373 1430 407 indubitatum
1453 381 1503 406 est
1524 374 1576 416 (p-
1596 377 1747 416 mamm
1783 374 1853 407 Vno
1875 380 1983 406 autem

365 440 400 470 in
423 445 480 470 ηπ
506 434 659 465 omissum
682 438 730 464 est
753 442 794 463 ex
817 430 889 474 lege
911 430 1160 474 orthographica
1182 433 1234 475 (p.
1250 434 1291 464 ⁵7
1301 433 1325 471 ).
1369 430 1464 474 Apud
1483 430 1685 463 Miomietum
1706 430 1838 473 quidun
1856 429 1923 463 tal).
1942 433 1980 462 21

364 503 416 525 no.
435 493 453 523 5
488 488 580 532 caph
609 487 691 520 male
719 489 838 530 pictum
866 495 915 519 eat
943 487 1078 528 (deesse
1108 489 1233 520 videtur
1264 498 1364 520 uncus
1384 488 1558 530 superior)¹
1580 491 1614 519 'et
1638 497 1689 518 no·
1712 489 1753 519 10
1774 481 1878 522 Λὶψ(
1897 487 1983 530 qnod

365 547 471 580 Rerch
493 546 618 577 litterae
640 544 746 577 simile
769 551 835 576 est:
852 544 922 578 *sed
945 544 978 575 in
1001 550 1090 576 tanta
1111 544 1288 577 litterarum
1312 545 1467 587 parvitate
1488 542 1596 575 facili·
1612 550 1682 575 erat
1698 553 1800 575 error.
1821 541 1983 585 laesti-

363 603 531 648 pingendis
555 602 630 645 quid
652 600 812 644 peculiare
835 599 975 632 habeant
999 599 1031 631 hi
1055 601 1154 640 numi,
1178 600 1326 633 videlicet
1343 611 1509 633 numerum
1525 601 1721 632 vicenarium
1735 600 1830 642 signo
1846 598 1982 632 rotundo

363 662 463 693 instar
491 667 510 691 9
538 657 681 697 litterae,
718 657 885 689 denarium
912 657 1006 699 signo
1035 656 1291 700 hemisphaerion
1319 666 1525 700 expressum,
1561 657 1626 689 iam
1662 666 1759 698 supra
1788 655 1907 687 dictum
1934 660 1990 689 08-

363 723 414 764 (p.
439 719 518 762 87):
558 729 693 761 quorum
707 718 874 760 signorum
896 727 1012 748 canera
1036 715 1121 748 haud
1144 717 1241 749 dubie
1264 716 1343 749 haec
1365 722 1432 756 est,
1470 715 1555 760 quod
1583 721 1617 757 0
1653 727 1696 744 =
1716 723 1736 746 5
1760 715 1915 757 scriptum
1934 713 1985 749 ent

364 790 421 823 pro
442 787 546 813 ιμ’-ιω,
569 780 711 820 viginti,
756 783 799 810 Α
840 783 946 808 autern
977 778 1100 808 numeri
1129 778 1283 809 vicenarii
1311 776 1475 808 dimidiam
1503 782 1626 818 partem
1657 773 1818 817 exprimit.
1873 772 1984 822 ltaque

363 841 398 871 in
419 838 482 871 litt.
504 837 532 870 B
554 844 603 869 est
628 847 779 869 numerus
800 839 861 876 23,
898 837 932 868 in
954 835 1016 868 litt.
1041 834 1067 867 C
1089 838 1149 875 33,
1172 837 1204 868 in
1227 835 1288 868 litt.
1309 835 1341 868 D
1363 838 1404 868 37
1427 835 1585 879 (septima
1604 843 1717 867 monas
1739 840 1790 867 eat
1806 822 1870 866 *snb
1893 831 1986 877 Caph

362 895 470 927 littera
490 894 530 926 cf.
554 893 691 925 similem
715 893 870 924 rationem
893 893 976 934 apud
1000 891 1147 923 Mionnet
1171 891 1238 924 tab.
1263 895 1322 931 21,
1346 893 1403 934 5),
1431 891 1492 927 litt.
1514 891 1543 923 E
1565 894 1625 930 24,
1656 889 1716 922 litt.
1737 889 1764 922 F
1785 891 1845 929 36,
1878 887 1908 921 G
1929 890 1983 928 3³,

364 952 396 983 H
418 954 468 984 30.
515 950 564 982 De
586 960 742 981 annorum
759 955 864 980 autem
887 949 1122 991 computatione
1144 947 1361 991 Lindbergius
1384 947 1407 980 l.
1429 959 1455 980 c.
1477 948 1647 986 observat,
1676 948 1710 978 in
1729 946 1837 978 aureis
1850 945 1984 988 reperiri

364 1019 465 1040 annos
488 1009 645 1045 23-33,
677 1007 709 1037 in
734 1006 896 1047 argenteis
918 1007 1050 1038 6—37.
1090 1003 1198 1037 idem:
1221 1004 1376 1044 „launo
1400 1003 1639 1042 Mionnetiano‚
1668 1003 1786 1045 inquit,
1814 1001 1849 1040 l,
1871 1013 1901 1045 p.
1921 1005 1980 1035 521

366 1087 417 1108 no.
442 1077 503 1122 160
527 1081 693 1118 praeterea
722 1083 866 1115 monogr.
889 1071 965 1110 ΑΡ,
1002 1072 1086 1114 quod
1115 1082 1245 1105 numum
1274 1070 1335 1104 sub
1366 1072 1502 1113 irnperio
1531 1070 1746 1102 Aradensium
1777 1080 1849 1102 esse
1874 1079 1984 1115 cusum

364 1145 500 1182 evincit,
523 1142 664 1180 additur,
694 1146 726 1171 et
748 1138 869 1183 duplex
892 1149 986 1178 aera,
1013 1138 1136 1171 scilicet
1156 1138 1294 1171 Acensis
1318 1148 1372 1170 an.
1392 1138 1428 1170 X
1450 1144 1483 1169 et
1503 1136 1680 1170 Aradensis
1701 1148 1753 1169 an.
1774 1139 1835 1176 43,
1859 1146 1901 1168 ex
1921 1147 1985 1180 quo

365 1210 461 1232 numo
484 1208 590 1233 aeram
613 1196 773 1228 Acensem
797 1206 882 1228 anno
905 1197 967 1226 226
989 1205 1019 1226 a.
1036 1193 1111 1227 Chr.
1131 1205 1164 1227 n.
1180 1195 1339 1237 incepisse
1360 1192 1521 1236 colligo.“
1565 1193 1742 1226 Aradensis
1757 1192 1844 1225 eui‘m
1862 1183 1985 1225 orditur

364 1248 404 1289 ab
428 1266 512 1288 anno
536 1257 597 1286 259
620 1250 765 1294 (Eckhel
788 1251 830 1283 D.
853 1250 895 1283 N.
920 1248 983 1289 111,
1006 1262 1035 1293 p.
1059 1253 1122 1283 394
1132 1249 1154 1292 ).
1198 1250 1263 1282 Sed
1286 1250 1443 1293 quomodo
1465 1251 1499 1282 in
1522 1249 1717 1282 Alexandri
1733 1248 1861 1292 Mag-m·
1887 1246 1985 1281 nunilo

364 1313 442 1345 anni
472 1311 597 1354 possint
627 1307 667 1340 ab
698 1318 783 1339 anno
813 1309 875 1339 226
909 1317 939 1338 a.
963 1305 1042 1338 Chr.
1071 1307 1268 1350 computari,
1298 1306 1347 1338 vir
1369 1305 1480 1338 doctus
1502 1316 1566 1338 uon
1590 1305 1709 1338 docuit.
1740 1325 1779 1331 —
1818 1296 1987 1344 Praeterea

364 1367 464 1400 multo
486 1367 589 1399 maior
610 1374 762 1397 numerus
784 1365 939 1407 reperitur
961 1364 993 1395 in
1017 1363 1291 1406 praestantissimo
1313 1361 1464 1406 exemplo
1487 1372 1605 1401 aureo,
1634 1363 1724 1394 cuius
1745 1355 1858 1394 recens
1878 1352 1988 1406 acquiss

365 1425 419 1456 siti
435 1430 581 1465 ectypum
606 1421 737 1453 Parisiis
760 1420 848 1452 misit
863 1418 910 1452 ill.
925 1419 1112 1454 Rochettius
1135 1411 1229 1463 (vide
1241 1418 1302 1452 litt.
1316 1417 1371 1461 Ι),
1394 1420 1426 1451 in
1442 1430 1505 1463 quo
1522 1425 1646 1462 praeter
1657 1419 1795 1462 vestigia
1809 1415 1987 1454 litterarum

365 1490 407 1514 :9
437 1490 537 1524 paene
568 1477 673 1510 deleta
703 1488 741 1509 eo
769 1475 861 1515 loco,
900 1476 956 1509 ubi
985 1476 1083 1509 cifrae
1112 1487 1183 1510 esse
1211 1475 1333 1515 solent,
1374 1474 1524 1519 leguntur
1553 1473 1678 1507 litterae
1707 1484 1774 1514 tm,
1810 1471 1894 1518 quae
1921 1464 1985 1506 noh

365 1543 501 1580 possunt
524 1546 588 1567 non
614 1537 837 1566 centenarium
860 1544 1027 1565 nnmerum
1049 1526 1242 1576 designare,
1273 1539 1309 1565 ut
1329 1533 1456 1575 saepius
1479 1531 1558 1564 alibi
1588 1532 1638 1575 (p.
1661 1533 1735 1572 87).

911 1632 983 1665 IV.
1027 1631 1439 1665 LAODICEA.

493 1712 585 1744 Duae
616 1717 691 1743 sunt
721 1711 816 1742 huius
847 1711 985 1742 nominis
1017 1709 1132 1747 urbes,
1170 1719 1236 1741 una
1271 1709 1442 1741 Laodicea
1470 1708 1516 1740 ad
1541 1717 1631 1740 utare
1667 1706 1766 1750 (πρὸς
1799 1704 1985 1747 θάλασσαν)

367 1769 471 1802 strab.
493 1767 577 1800 XVI
599 1779 629 1810 p.
652 1770 725 1800 517.
747 1766 817 1798 Cic.
843 1767 883 1798 ad
906 1766 982 1799 fam.
1006 1770 1063 1803 12,
1089 1769 1140 1798 14.
1175 1765 1243 1797 Jos.
1264 1765 1304 1796 de
1328 1763 1403 1797 hell.
1424 1765 1491 1796 ind.
1515 1767 1553 1803 1,
1577 1766 1637 1803 16,
1670 1765 1705 1795 in
1727 1761 1851 1795 boreali
1873 1762 1987 1804 Syriae
2034 1790 2042 1793 ,

367 1834 455 1868 parte
484 1826 563 1864 sita,
594 1823 696 1856 altera
717 1823 891 1856 Laodicea
910 1823 956 1856 ad
976 1822 1139 1856 chamm
1159 1821 1266 1863 (πρὸς
1286 1820 1437 1864 Λιβάνῳ)
1459 1819 1575 1853 Strabo
1596 1819 1620 1851 l.
1643 1830 1670 1853 c.
1691 1831 1722 1862 Ρ.
1745 1821 1821 1852 520.
1848 1817 1933 1855 Plin-
1952 1819 1988 1857 fib

367 1884 425 1919 23,
447 1881 487 1912 ab
511 1882 634 1912 oriente
650 1879 761 1921 Beryti
782 1887 815 1911 et
837 1878 1033 1922 Heliopolis,
1056 1889 1152 1921 quam
1174 1876 1378 1910 Ptolemaeus
1399 1883 1493 1920 caput
1513 1876 1591 1909 facit
1607 1876 1812 1909 Laodicenae
1831 1875 1988 1918 regioni·-

365 1938 472 1979 Atque
501 1936 575 1966 huic
605 1936 733 1977 quidem
764 1935 924 1967 tribuendi
952 1942 1026 1967 sunt
1056 1935 1143 1966 numi
1173 1933 1279 1976 paullo
1309 1934 1447 1966 rariores
1477 1932 1660 1965 Phoeniciis
1686 1931 1805 1964 litteris
1830 1931 1988 1974 inscripti,

368 2003 500 2035 quorum
529 1991 580 2022 hic
600 1998 648 2022 est
672 1998 779 2032 typus:

499 2061 605 2104 Caput
627 2059 790 2093 Antiochi
808 2059 900 2102 (lv)
930 2060 1095 2095 radiatim
1125 2065 1159 2092 et
1190 2059 1409 2092 dtadentalnm
1436 2058 1483 2091 ad
1508 2058 1671 2090 dextram.
1698 2057 1724 2100 )(
1753 2056 1989 2090 ΒΑΣΙΛΕΩΣ

367 2118 618 2152 ANTIOXOY.
670 2116 845 2159 Neptunus
869 2117 975 2160 pallio
998 2116 1132 2148 indutus·
1152 2120 1244 2148 utam
1273 2117 1325 2157 (in
1358 2114 1422 2147 alio
1443 2124 1570 2156 prorae
1599 2116 1694 2147 navit
1723 2114 1918 2154 imment),
1953 2113 1985 2145 d.

364 2208 534 2246 patera-t,
567 2212 595 2232 ε.
627 2202 820 2240 tridentem,
859 2202 891 2233 in
920 2211 996 2232 area
1025 2201 1097 2232 ΛΑ
1125 2207 1157 2231 et
1187 2211 1426 2244 monogramma
1454 2164 1502 2266 ᾧ
1538 2198 1602 2242 (al.
1628 2193 1699 2248 -ἐ
1722 2202 1746 2240 ).
1797 2198 1828 2231 A
1856 2199 1989 2231 sinistra

369 2287 458 2322 parte
486 2277 612 2310 litterae
640 2276 833 2308 phoeniciae
863 2285 956 2320 ἵκει
985 2286 1028 2311 n&
1051 2277 1194 2311 κῡ-ικξβ.
1236 2276 1291 2308 AE.
1322 2281 1353 2309 2.
1408 2276 1493 2308 Vide
1523 2275 1728 2319 Barthelemy
1756 2277 1789 2308 in
1819 2274 1917 2308 Mem.
1947 2275 2006 2317 de·

368 2335 486 2367 l'acad.
518 2332 626 2365 XXX
653 2343 684 2374 p.
713 2335 775 2364 427
813 2333 909 2375 (LllI
939 2345 968 2376 p.
992 2337 1032 2365 59
1068 2334 1118 2365 ed.
1148 2335 1181 2365 in
1213 2333 1349 2372 duod.)‚
1388 2333 1471 2364 unde
1507 2339 1616 2364 nostra
1650 2331 1765 2375 figura'
1786 2330 1901 2363 hausta
1929 2338 1989 2369 est,

369 2389 576 2424 simillimum
611 2387 794 2430 exemplum
824 2389 856 2419 in
889 2389 1005 2420 Museo
1043 2389 1230 2423 Britannico
1259 2390 1409 2421 vidimus.
1457 2388 1593 2420 Pellerin
1625 2387 1703 2421 Rois
1734 2387 1797 2420 tab.
1829 2391 1850 2420 9
1880 2399 1930 2420 no.
1958 2390 1989 2420 9.

372 2446 518 2480 Mionnet
539 2445 571 2477 V
593 2457 624 2488 p.
643 2447 695 2477 40.
721 2454 774 2475 no.
796 2446 868 2475 346.
895 2441 966 2476 347.
997 2445 1061 2476 tab.
1084 2449 1136 2485 23,
1159 2449 1190 2477 2.
1999 2433 2005 2436 i

500 2514 607 2555 Caput
628 2510 894 2553 Alexandr-5111
913 2511 1072 2553 Sebinae)
1096 2513 1314 2544 diadematum
1336 2513 1382 2544 ad
1401 2513 1452 2552 d„
1476 2523 1556 2555 pone
1572 2522 1814 2554 monogramma
1847 2498 1938 2570 (ἦ.
1961 2512 1990 2555 )(
2013 2552 2017 2558 1

371 2578 606 2611 ΒΑΣΙΛΕΩΣ
630 2575 957 2612 ΛΑΕΞΑΝΔΡΟῩ.
999 2575 1192 2617 Neptunus,
1231 2583 1265 2607 ut
1293 2587 1406 2619 supra,
1444 2577 1503 2609 ted
1529 2581 1620 2608 stem
1648 2577 1786 2608 modium
1814 2580 1849 2609 in
1879 2580 1990 2620 capt’te

370 2646 502 2677 gerens.
547 2634 688 2666 Eaedem
710 2633 835 2665 litterae
858 2631 1062 2664 phoeniciae.
1086 2630 1140 2662 ΔΕ.
1165 2635 1213 2681 2.,
1240 2631 1388 2664 Mionnet
1415 2632 1448 2663 V
1470 2643 1500 2674 p.
1521 2635 1561 2665 85
1588 2643 1639 2664 no.
1662 2635 1736 2665 753.
