2242 2976
310 257 684 292 PALAEOGRAPHIA
706 258 991 293 COMPARATA.
1035 262 1065 300 ξ.
1091 263 1141 293 54.
1164 258 1411 292 SCRIPTURA
1434 259 1790 295 SASSANIDARUM.
1833 264 1883 300 83

260 353 401 391 videtur,
433 359 465 385 et
495 363 537 385 ex
565 353 734 396 phoenicio
774 361 807 380 Α
847 360 963 386 ortum.
995 374 1033 379 -
1079 353 1174 393 Quod
1207 355 1334 386 Lamed
1362 356 1394 387 in
1426 361 1559 398 utroque
1588 354 1734 387 Romano
1764 354 1882 399 lineam

257 408 355 440 habet
385 409 469 441 infra
498 411 717 442 sinistrorsum
747 409 884 449 flexam,
914 421 955 442 ex
987 409 1103 443 litteris
1132 410 1241 453 ligatis
1278 418 1391 444 ortum.
1430 430 1484 453 *i
1517 410 1654 443 Sameclt
1690 411 1815 443 litterae
1846 423 1884 443 ea

255 464 360 507 figura
382 467 604 508 antiquissima
627 473 676 498 est
698 473 730 498 et
751 467 922 509 primaria,
945 478 1026 509 quae
1048 469 1081 499 in
1103 466 1197 499 titulo
1214 466 1359 499 Romano
1376 467 1691 500 Aramaeo-Graeco
1708 476 1882 511 comparet,

254 520 405 554 videlicet
426 533 562 564 superne
585 523 722 554 dentata.
766 522 889 555 Dentes
911 525 1015 562 enim,
1039 525 1159 556 sensim
1182 525 1312 562 omissi,
1333 524 1373 555 ad
1393 531 1533 556 veterem
1550 531 1581 556 et
1596 526 1770 567 genuinam
1787 525 1882 558 huius

252 575 378 609 litterae
409 578 544 610 formam
565 580 739 621 pertinent:
770 578 876 622 figura
903 580 1040 611 rotunda
1067 581 1244 623 scripturae
1278 580 1450 623 quadratae
1480 592 1522 612 ex
1549 580 1607 613 illa
1634 583 1782 613 iunctura
1811 589 1882 614 orta

254 641 322 673 est,
345 641 380 666 ut
402 633 487 667 hunc
509 636 541 666 in
565 636 694 666 modum
717 646 752 667 se
776 637 937 678 excipiant
958 636 1099 679 figurae:

793 716 1322 781 7735&

253 813 361 846 Etiam
389 814 458 847 Tau
486 814 613 846 litterae
644 816 839 859 antiquiores
865 806 984 857 figuras
1014 813 1111 846 habet
1141 813 1222 846 alter
1250 814 1360 847 titulus
1383 814 1565 855 Romanus,
1598 815 1741 859 reliquae
1761 819 1880 850 sensim

254 869 482 914 paullatimque
505 872 546 903 ad
568 870 705 914 figuram
728 872 912 914 quadratam
937 870 1120 902 deflectunt.

382 932 412 961 5.
462 927 591 967 Verba,
638 935 673 960 ut
715 929 778 959 iam
826 928 986 966 diximus,
1031 919 1151 970 ubique
1194 938 1258 959 non
1303 928 1474 960 distincta:
1519 928 1748 972 orthographia
1791 941 1880 962 more

249 983 481 1017 Aramaeorum
502 986 536 1016 in
557 983 673 1016 litteris
703 985 771 1017 Vav
795 990 826 1015 et
845 983 912 1015 Jod
932 991 1058 1025 semper
1080 982 1183 1025 plena.
1227 984 1401 1026 Ligaturae
1424 984 1542 1027 ubique
1570 987 1654 1017 intra
1676 986 1877 1029 singulorum

251 1040 422 1072 verborum
445 1040 528 1072 fines
551 1051 586 1071 se
609 1041 789 1080 continent,
811 1047 843 1071 et
866 1050 1027 1081 nunquam
1049 1038 1173 1081 plures,
1195 1051 1291 1082 quam
1313 1041 1414 1079 duae,
1438 1039 1564 1073 litterae
1586 1041 1785 1084 copulantur.

378 1100 409 1129 6.
453 1097 503 1129 De
526 1097 675 1129 cifrarum
696 1098 729 1128 in
752 1096 803 1128 his
826 1095 927 1128 titulis
948 1096 1073 1127 ratione
1096 1097 1169 1128 vide
1191 1096 1276 1128 infra
1297 1098 1326 1136 ξ.
1349 1099 1389 1129 58
1401 1100 1441 1137 *).

1006 1191 1035 1228 ξ.
1069 1192 1120 1222 54.

633 1256 861 1299 Scriptura
884 1256 1211 1290 Sarranidarum
1242 1263 1284 1290 et
1307 1258 1502 1291 zendica.

380 1329 408 1358 1.
451 1326 502 1357 De
526 1328 747 1369 antiquissima
769 1327 939 1359 Persarum
963 1329 1119 1370 scriptura
1141 1340 1239 1371 supra
1269 1329 1315 1371 (ξ.
1340 1328 1401 1370 50)
1425 1329 1546 1360 dictum
1572 1335 1628 1360 est.
1672 1328 1766 1362 Hanc
1789 1330 1878 1362 dein-

250 1393 326 1425 ceps
348 1383 592 1415 Sassanidarum
615 1390 718 1414 aetate
748 1382 843 1414 aliam
871 1385 1036 1426 excepisse
1058 1396 1100 1416 ex
1123 1384 1256 1426 Syriaca
1285 1396 1311 1417 s.
1335 1384 1526 1426 Palmyrena
1554 1391 1656 1416 ortam
1686 1393 1718 1417 et
1746 1385 1878 1418 nobilis-

249 1440 349 1470 simus
372 1440 464 1471 docet
485 1439 659 1482 Epiphanii
680 1438 771 1471 locus
783 1441 828 1477 **)
851 1446 882 1471 et
905 1439 1017 1471 harum
1038 1440 1215 1473 litterarum
1237 1443 1320 1473 inter
1343 1452 1377 1473 se
1407 1442 1602 1483 comparatio
1626 1441 1793 1474 confirmat
1806 1443 1874 1486 ***).

376 1494 543 1538 Reperitur
562 1495 641 1526 haec
655 1487 832 1527 litteratura
855 1496 886 1537 a)
902 1497 935 1527 in
952 1497 1213 1539 inscriptionibus
1226 1498 1377 1530 ruderum
1391 1497 1560 1529 Nakschi-
1568 1498 1705 1529 Rustam
1720 1499 1876 1531 dictorum

249 1552 291 1592 (v.
316 1562 391 1594 prae
415 1552 529 1583 ceteris
547 1551 825 1583 Niebuhrii'itin.
848 1551 889 1590 Il,
912 1551 976 1584 tab.
994 1555 1035 1584 27
1049 1554 1089 1584 ad
1112 1564 1140 1595 p.
1158 1554 1237 1594 142)
1259 1555 1292 1584 in
1309 1555 1429 1585 vicinia
1441 1553 1662 1595 Persepoleos‚
1686 1566 1763 1597 quas
1783 1555 1874 1587 docte

247 1606 421 1650 explicavit
435 1608 529 1639 δην.
547 1617 592 1637 m:
607 1607 694 1639 SAcv
706 1609 740 1639 in
757 1607 935 1639 Me'moireo
950 1619 1006 1639 mr
1021 1609 1166 1640 diverses
1183 1610 1363 1651 antiquitas
1376 1610 1416 1641 de
1430 1610 1464 1641 Ia
1477 1610 1582 1641 Perse
1603 1621 1632 1652 p.
1651 1613 1665 1641 1
1686 1621 1754 1653 sqq.
1778 1610 1875 1655 [alias

249 1665 388 1696 nondum
404 1663 579 1706 explicatas
597 1663 730 1695 exhibet
743 1664 820 1696 Ker
832 1665 974 1706 Porter,
1003 1664 1137 1697 Travelr
1150 1665 1176 1704 1,
1193 1677 1223 1708 p.
1239 1664 1342 1708 512];
1367 1666 1403 1707 b)
1426 1667 1458 1697 in
1477 1667 1738 1708 inscriptionibus
1756 1670 1874 1701 montis

247 1720 443 1752 Bi-mtome
457 1731 556 1762 prope
571 1719 823 1758 Kirmanschah‚
849 1719 1072 1752 Curdistaniae
1088 1723 1252 1764 oppidum,
1276 1723 1318 1764 (v.
1334 1723 1555 1754 itineratorum
1574 1725 1774 1756 narrationes
1791 1726 1874 1767 apud

243 1777 289 1810 de
306 1775 444 1818 Sacyum
459 1776 479 1808 l.
497 1787 524 1808 c.
550 1787 579 1818 p.
598 1779 660 1808 217
676 1787 744 1819 sqq.
768 1777 849 1808 adde
871 1777 948 1808 Ker
969 1769 1092 1809 Porter
1120 1778 1254 1811 Travelr
1275 1778 1317 1817 II,
1342 1782 1402 1811 178
1417 1780 1498 1821 sqq.)
1520 1778 1560 1810 ab
1583 1780 1694 1811 eodem
1708 1779 1874 1814 illustratis

246 1834 292 1875 (p.
318 1836 379 1864 242
404 1835 486 1874 sqq.)
495 1845 506 1870 ‚-
536 1833 566 1874 c)
590 1833 623 1863 in
646 1833 847 1864 numismatis
875 1844 988 1876 regum
1011 1833 1255 1866 Sassanidarum
1284 1835 1381 1876 (ibid.
1413 1847 1444 1877 p.
1471 1838 1532 1867 166
1555 1837 1662 1878 sqq.)‚
1693 1848 1872 1881 quanquam

244 1888 372 1920 litterae
402 1890 435 1920 in
467 1888 518 1920 his
547 1889 737 1930 conspicuae
766 1896 831 1920 tam
864 1890 1075 1936 degeneratae
1103 1898 1194 1930 sunt,
1229 1898 1265 1922 ut
1285 1893 1355 1922 sine
1378 1884 1573 1933 reliquorum
1595 1901 1871 1927 monumentorum

246 1956 308 1988 ope
339 1946 394 1976 vix
425 1951 456 1976 et
483 1955 524 1976 ne
554 1946 610 1976 vix
638 1945 766 1987 quidem
795 1946 934 1977 discerni
964 1948 1151 1988 potuissent.
1194 1947 1280 1979 Vide
1306 1947 1371 1980 tab.
1395 1955 1536 1979 nostram
1559 1952 1722 1990 quintam,
1753 1952 1786 1982 in
1810 1963 1871 1994 qua

245 2001 492 2033 Sassanidarum
514 2000 720 2044 alphabetum
742 2002 787 2033 ita
809 2002 1043 2044 disposuimus,
1066 2011 1101 2035 ut
1122 2005 1224 2046 primo
1245 2003 1318 2036 loco
1340 2014 1531 2046 poneremus
1554 2004 1675 2047 figuras
1698 2017 1739 2038 ex
1758 2008 1871 2039 inseri„

244 2057 408 2100 ptionibus
430 2056 799 2090 Nakschi-Rustamicis
820 2060 950 2101 petitas;
973 2059 1024 2091 his
1045 2068 1162 2102 puncto
1182 2062 1371 2103 interposito
1394 2062 1654 2104 adiungeremus,
1686 2074 1765 2106 quae
1787 2065 1870 2097 forte

297 2198 323 2231 ³)
349 2198 482 2225 Mittimus
507 2199 610 2233 reliqua
638 2200 778 2234 alphabeta
801 2200 870 2234 Syra
901 2205 928 2227 et
951 2202 1022 2228 anti-

244 2247 340 2281 quiora
357 2247 477 2280 arabica,
499 2252 529 2273 ut
546 2247 687 2280 zebinam,
705 2249 873 2284 EstrangeIO,
891 2248 1021 2284 caticum,

244 2300 272 2322 et
289 2296 397 2322 aliunde
416 2295 479 2321 satis
498 2300 562 2322 nota
584 2296 637 2330 (cf.
660 2297 816 2323 Hoffmauui
833 2305 873 2333 gr.
893 2305 948 2331 syr.
967 2299 1022 2326 tab.

244 2345 308 2370 23.
329 2344 363 2371 de
377 2345 448 2378 Sacy
462 2352 573 2380 gramm.
591 2346 665 2371 arab.
684 2346 719 2373 T.
737 2345 759 2371 1.
778 2346 831 2371 tab.
853 2348 875 2371 1.
901 2347 1022 2380 anfeld

244 2392 272 2418 in
278 2393 380 2419 Ewaldt
393 2401 432 2428 gr.
441 2393 514 2419 arab.
525 2394 559 2419 Τ.
568 2392 594 2427 1)
609 2398 646 2427 et,
665 2403 746 2428 quum
761 2395 907 2428 pleraeque
920 2395 1022 2430 figurae

245 2440 346 2467 litteras
373 2441 473 2476 ligandi
498 2442 693 2482 consuetudine
712 2443 900 2469 vehementius
925 2443 1022 2469 immu-

245 2492 314 2514 tatae
332 2489 402 2521 sint,
419 2499 435 2516 a
453 2490 566 2516 consilio
584 2495 677 2516 nostro
695 2490 774 2517 nimis
792 2491 887 2518 aliena.

297 2535 337 2569 *Ἴ
362 2537 435 2564 Adv.
459 2539 585 2565 haereses
607 2540 652 2565 lib.
677 2541 694 2565 2
724 2548 750 2573 p.
778 2539 830 2566 629
855 2540 898 2566 ed.
928 2539 1021 2567 Patav.

246 2582 366 2616 Blatere
394 2583 447 2618 γὰρ
472 2583 549 2613 οὗτος
573 2587 707 2621 (Manes)
737 2585 884 2620 διαφόρους
901 2587 1023 2619 ἐξέθετο.
1055 2601 1057 2603 ’

245 2633 313 2663 μίαν
330 2631 382 2663 μὲν
398 2630 550 2666 ἰσάριθμον
567 2631 700 2661 εἰκοσιδύο
717 2635 859 2675 στοιχςίων
877 2634 932 2662 τῶν
949 2635 1021 2662 κατά

1089 2201 1141 2235 τήν
1158 2200 1214 2228 τῶν
1232 2201 1330 2235 Σύρων
1341 2203 1509 2235 στοιχείωσιν
1527 2201 1567 2229 δι’
1581 2202 1750 2238 σ’λφαβήτων
1763 2215 1867 2240 συγκει-

1089 2250 1188 2284 μένην·
1209 2243 1327 2283 χ’ρῶνται
1345 2249 1400 2284 γὰρ
1422 2248 1580 2278 οἱπλεῖστοι
1598 2252 1652 2279 τῶν
1667 2254 1781 2286 meam
1795 2253 1864 2287 μιτᾶ

1089 2300 1215 2331 ῙΙέρσικα
1235 2299 1355 2331 στοιχεῖα
1373 2302 1419 2325 καὶ
1436 2298 1474 2332 τῷ
1492 2298 1573 2333 Σύρῳ
1590 2299 1750 2335 γράμματι,
1776 2299 1866 2335 ὥσπερ

1089 2345 1162 2380 παρ’
1182 2344 1250 2380 ἡμῖν
1267 2345 1355 2373 πολλοὶ
1374 2347 1445 2380 ἔθνη
1463 2350 1523 2374 τοῖς
1539 2346 1703 2381 Ἑλληνικοῖς
1720 2350 1867 2383 κέχρηνται

1089 2397 1135 2421 καὶ
1156 2396 1229 2429 τοίγε
1247 2393 1335 2421 ὄντων
1354 2393 1450 2428 σχεδὸν
1475 2395 1545 2422 κατὰ
1571 2396 1654 2422 ἔθνος
1678 2394 1754 2422 ἰδίων
1776 2406 1864 2431 γραμ-

1089 2442 1196 2476 μάτων.
1215 2440 1294 2468 ἄλλοι
1316 2440 1344 2469 δὲ
1365 2441 1454 2476 δῆθεν
1471 2442 1523 2476 τὴν
1540 2442 1709 2478 βαθυτάτην
1729 2443 1784 2474 τῶν
1806 2443 1865 2471 ,Sb-

1089 2501 1144 2526 ρων
1170 2489 1315 2517 διάλεκτον
1342 2489 1534 2524 σεμνύνονται,
1573 2490 1626 2523 τήν
1653 2501 1682 2517 τι
1711 2491 1782 2517 κατὰ
1816 2491 1864 2525 τήν

1090 2536 1249 2574 Παλμύραν
1278 2538 1438 2571 διάλεκτον,
1473 2536 1559 2572 αὖτήν
1588 2537 1616 2565 δὲ
1642 2542 1687 2564 καὶ
1713 2538 1745 2565 ni
1774 2537 1865 2565 αὐτῶν

1090 2589 1228 2620 στοιχεῖα,
1246 2584 1379 2613 εἰκοσιδύο
1398 2584 1426 2612 δὲ
1446 2586 1534 2612 ταῦτα
1555 2585 1682 2619 ὑπάρχει,

1142 2636 1200 2669 ***)
1219 2635 1261 2662 Cf.
1280 2636 1312 2661 de
1331 2637 1400 2668 Sacy
1419 2636 1436 2660 1.
1457 2644 1480 2660 c.
1500 2644 1525 2668 p.
1547 2636 1588 2660 22.

1408 2688 1442 2716 11
1469 2688 1483 2703 *
