2242 2976
242 280 581 317 INSCRIP'I'IONES
598 280 838 314 CITIENSES.
859 281 951 314 XIII.
969 280 1062 313 XIV.
1086 279 1301 313 CITIENSIS
1315 278 1466 312 SEXTA
1482 289 1526 312 sr
1540 278 1745 313 SEPTIMA.
1793 283 1867 320 137

241 388 342 418 ‹gu-m
363 383 395 408 et
419 387 539 416 xum.
561 376 761 419 Panopolis,
791 386 924 416 iguo-rit
945 374 1155 416 Hermopolis
1175 373 1327 417 Magna,
1358 386 1490 415 Quo-ru
1511 376 1666 415 irepusm
1685 375 1828 408 Medda
1837 378 1864 417 )‚

239 433 324 476 quod
347 433 474 476 quidem
498 440 625 474 etymon
662 439 693 464 et
720 432 937 475 generationis
965 431 1089 463 numini
1118 432 1248 474 egregie
1278 433 1466 464 conveniret
1494 436 1526 464 et
1547 431 1712 464 Damascii
1733 432 1773 464 de
1796 434 1866 466 eius

187 494 193 499 “
239 492 364 534 origine
378 492 562 533 opinionem
579 488 792 522 confirmaret.
836 487 945 531 Magis
961 494 1046 519 certe
1064 486 1127 519 hoc
1140 477 1262 530 placet,v
1275 498 1371 530 quam
1385 489 1470 531 qnod
1484 488 1690 521 Hamakerus
1706 485 1865 530 (Misoeu.

238 559 269 590 p.
284 548 327 589 6)
343 547 553 579 Damascium
566 553 653 589 putat
667 553 758 590 37:127&
772 544 909 577 solvisse
924 545 957 575 in
971 552 1020 577 ³:72
1037 553 1088 577 w&
1111 546 1172 587 πῦρ
1195 546 1250 585 τῆς
1269 544 1384 587 μοίρας
1404 545 1500 588 idque
1526 544 1659 584 liberius
1674 544 1829 578 extulisse
1845 543 1864 587 ἧ

238 603 342 647 θέρμη
364 606 421 646 τῆς
444 604 532 646 ζωῆς.
578 601 729 634 Ceterum
751 602 912 645 quomodo
934 601 996 642 ipsi
1018 600 1218 639 Phoenices,
1250 602 1446 632 recentiores
1469 608 1570 640 certe,
1599 600 1789 645 Aesculapii
1814 602 1865 634 sui

238 666 385 692 naturam
401 658 573 703 allegorice
587 655 810 700 eiplicueriuss
828 667 869 689 ex
886 654 1066 688 Pausaniae
1080 656 1189 689 verbis
1198 654 1343 700 (Achaic.
1353 667 1418 700 cap.
1428 657 1481 699 23)
1498 656 1702 700 intelligitur:
1717 657 1750 690 ἐν
1763 657 1865 704 τούτῳ

238 719 295 749 τοῦ
316 715 504 758 Ἀσκληπιοῦ
530 718 575 759 τῷ
601 713 675 759 ἱερῷ
703 714 771 757 (sc.
795 714 828 745 in
850 711 1027 756 Aegiensi)
1057 714 1100 751 εἰς
1121 713 1294 756 ἀντιλογίαν
1317 713 1443 756 ἀφίκετο
1467 712 1544 755 ἀνήρ
1567 726 1620 754 μοι
1643 713 1799 753 Σιδόνιος,
1831 712 1867 753 ὃς

238 772 398 815 ἔγνωκέναι
424 774 464 805 τὰ
493 772 524 810 ἐς
550 771 587 804 τὸ
617 774 704 804 θεῖον
732 770 845 814 ἔφασκε
877 770 1023 807 Φοίνικας
1046 770 1096 802 καὶ
1116 769 1156 802 τά
1177 782 1210 802 τε
1234 769 1313 802 ἄλλα
1337 768 1492 812 Ἑλλήνων
1513 770 1650 811 βέλτιον,
1681 771 1731 803 καὶ
1755 771 1792 812 δὴ
1815 772 1865 804 καὶ

234 828 408 874 Ἀσκληπιῷ
435 829 553 872 πατέρα
578 828 636 870 μὲν
663 830 746 870 σφᾶς
769 826 950 859 Ἀπόλλωνα
972 826 1178 869 ἐπιφημίζειν,
1215 827 1336 869 θνητὴν
1359 827 1393 858 δὲ
1414 828 1542 869 γυναΐκα
1564 825 1708 868 οὐδεμίαν
1727 828 1865 871 μητέρα·

233 885 418 928 Ἀσκληπιὸν
438 885 495 927 μέν
517 884 576 928 γὰρ
599 884 675 928 ἆέρα
696 884 772 926 γένει
793 896 825 916 τε
847 882 1026 925 ἀνθρώπων
1055 880 1131 915 εἶναι
1159 883 1210 915 καὶ
1235 886 1328 915 πᾶσιν
1350 881 1465 924 ὁμοίως
1488 882 1576 923 ζώοις
1597 882 1766 923 ἐπιτήδειον
1787 885 1866 926 πρὸς

236 938 370 984 ὑγίειαν,
402 939 584 974 Ἀπόλλωνα
612 941 647 973 δὲ
674 940 776 983 ἣλιον,
804 940 855 972 καὶ
878 938 972 971 αὐτὸν
1002 938 1165 981 ὀρθότατα
1181 938 1357 984 Ἀσκληπιῷ
1380 939 1498 982 πατέρα
1519 939 1785 981 ἐπονομάζεσθαι,
1818 940 1866 974 ὅτι

237 993 269 1036 ἒς
296 997 332 1031 τὸ
362 995 497 1041 ἁρμόζον
523 988 592 1035 ταῖς
621 996 717 1039 ὥραις
745 995 928 1036 ποιούμενος
956 993 972 1027 ὃ
1002 994 1092 1036 ἥλιος
1119 995 1175 1027 τὸν
1204 995 1321 1038 δρόμον
1349 996 1538 1036 μεταδίδωσι
1567 999 1612 1040 τῷ
1647 995 1713 1039 ἀέρι
1741 995 1864 1040 ὑγιείας.

237 1053 381 1097 Apparet
403 1065 445 1086 ex
467 1054 538 1094 his,
575 1053 672 1086 etiam
694 1052 873 1084 Phoenices
896 1050 1036 1094 aliquam
1065 1052 1149 1083 inter
1176 1049 1362 1094 Aesculapii
1383 1059 1415 1084 et
1437 1051 1524 1084 Solis
1547 1060 1693 1084 naturam
1716 1055 1866 1086 statuisse

238 1111 525 1148 necessitudinem
563 1110 647 1153 quod
673 1120 750 1141 vero
773 1107 849 1140 inde
870 1107 1019 1140 effecisse
1041 1107 1104 1140 sibi
1121 1109 1189 1147 'visi
1211 1115 1285 1140 sunt
1306 1107 1495 1140 Muenterus
1518 1107 1689 1152 (Religion
1712 1110 1768 1142 der
1791 1110 1867 1143 Car-

239 1166 354 1211 thager
375 1178 407 1210 p.
429 1167 494 1208 92)
519 1174 551 1199 et
571 1165 777 1199 Hamakerus
799 1163 962 1208 (Miscell.
978 1176 1006 1207 p.
1022 1163 1080 1206 5),
1112 1155 1296 1207 Apollinem
1319 1165 1495 1197 Ismenium
1514 1164 1711 1209 (Ἰσμήνιον)
1733 1164 1867 1199 Theba-

239 1215 353 1255 norum
382 1225 508 1267 proprie
537 1223 726 1256 Esmunium
749 1233 839 1261 esse,
877 1232 940 1253 non
963 1221 1003 1253 ab
1026 1221 1155 1253 Ismeno
1172 1213 1315 1260 dictum,
1354 1221 1510 1254 Boeotiae
1545 1222 1679 1254 flumine
1710 1223 1743 1254 in
1777 1223 1867 1255 cuius

239 1277 347 1310 littore
368 1277 528 1322 Apollinis
551 1279 705 1323 templum
734 1287 820 1319 erat,
855 1280 890 1311 id
919 1277 1038 1310 sobriis
1067 1278 1115 1310 rei
1138 1277 1267 1309 arbitris
1290 1279 1347 1310 vix
1375 1285 1406 1310 et
1434 1289 1475 1310 ne
1508 1280 1565 1311 vix
1587 1278 1714 1320 quidem
1736 1290 1867 1322 persua-

240 1334 372 1369 debunt.
414 1334 465 1367 De
487 1335 672 1378 Aesculapii
694 1335 813 1379 templo
832 1334 1090 1378 Carthaginensi,
1114 1340 1180 1365 tum
1203 1333 1464 1376 splendidissimo
1487 1342 1554 1366 tum
1571 1334 1729 1366 ditissimo
1744 1336 1778 1366 in
1794 1337 1868 1379 ipsa

241 1391 383 1434 acropoli
412 1393 475 1424 sito
503 1403 532 1424 v.
555 1392 672 1424 Strabo
694 1392 795 1425 XVII
823 1404 850 1424 c.
876 1396 926 1424 14.
954 1391 1093 1433 Appian.
1118 1390 1198 1422 Pun.
1223 1402 1248 1422 c.
1269 1391 1322 1430 81,
1359 1391 1400 1422 cf.
1423 1391 1555 1422 Miinter
1576 1389 1599 1422 l.
1626 1401 1653 1422 c.
1682 1402 1712 1433 p.
1737 1393 1778 1423 93
1798 1403 1866 1435 sqq.

239 1446 353 1480 Punici
368 1454 476 1480 antem
491 1450 635 1486 nominis!
649 1448 774 1482 Ermvin
787 1450 878 1495 3732}ss
895 1447 982 1479 aliud
997 1447 1155 1490 quoddam
1169 1447 1338 1490 vestigium
1355 1445 1491 1479 habebis
1513 1447 1597 1479 infra
1616 1446 1672 1479 lib.
1688 1446 1750 1486 lv,
1763 1459 1830 1491 cap.
1847 1451 1866 1481 3

238 1504 273 1535 in
296 1505 427 1536 nomine
447 1503 574 1547 plantae
590 1505 830 1539 Astresmunim
842 1490 863 1537 i.
879 1516 907 1536 e.
923 1511 1029 1538 *mum
1049 1512 1134 1539 *mm
1150 1502 1252 1536 herba
1270 1503 1502 1546 Aesculapica.

1006 1639 1100 1672 XIII.

695 1706 1112 1741 CITIENSIS
1163 1705 1416 1739 SEXTA.

369 1799 520 1833 Fortasse
545 1800 657 1833 mutila
684 1809 743 1834 est.
796 1801 889 1840 Quae
924 1802 1041 1834 adsunt
1072 1800 1140 1844 legi
1174 1806 1327 1843 possunt:
1367 1809 1453 1834 mn&
1488 1801 1555 1844 135.
1610 1801 1752 1833 Primam
1781 1803 1867 1834 enim

242 1856 400 1896 litteram,
445 1867 526 1899 quae
561 1856 637 1889 Nun
673 1858 821 1898 videtur,
862 1857 986 1890 Lamed
1027 1867 1099 1890 esse
1138 1857 1273 1896 debere,
1315 1858 1476 1888 sententia
1508 1857 1599 1889 iubet
1625 1860 1867 1901 communisque

241 1914 488 1956 inscriptionum
510 1912 614 1946 color:
647 1914 681 1946 in
704 1916 816 1957 quinta
837 1915 985 1947 dextram
1007 1922 1131 1957 partem
1154 1913 1233 1946 Chet
1254 1912 1381 1945 litterae
1400 1922 1570 1956 agnoscas.
1609 1921 1701 1950 Rari&
1723 1923 1759 1957 3:
1781 1915 1869 1948 Bm-

243 1969 378 2002 Achina
409 1968 513 2011 (filius
535 1969 643 2003 fratris
665 1972 788 2013 nostri)
811 1982 844 2003 n.
865 1983 911 2014 pr.
933 1972 1005 2003 esse
1029 1978 1132 2014 potest
1154 1969 1259 2002 simile
1282 1969 1423 2001 hebraeo
1441 1978 1512 2016 ²³3²ss
1525 1970 1670 2003 -Almbue
1691 1982 1751 2014 pro
1774 1982 1867 2020 :ny-gt}

241 2025 361 2067 (frater
383 2027 520 2068 patris);
553 2038 732 2070 quanquam
751 2028 896 2060 offendas
918 2029 951 2060 in
975 2027 1095 2060 suffixo
1118 2026 1205 2059 arab.
1227 2035 1264 2059 tr:
1287 2036 1345 2069 pro
1368 2036 1405 2060 aa.

1005 2170 1102 2204 XIV.

639 2237 1053 2271 CITIENSIS
1103 2237 1469 2278 SEPTIMA,

242 2331 361 2374 pariter
383 2338 477 2375 atque
495 2339 598 2371 sexta,
620 2338 751 2371 octava,
775 2333 917 2371 decima,
940 2332 1125 2372 undecima,
1138 2344 1167 2370 ,a
1188 2318 1408 2375 superioribus
1421 2332 1647 2375 interpretibus
1669 2334 1787 2364 intacta
1809 2341 1865 2364 est.

243 2386 399 2430 Equidem
414 2386 471 2420 lin.
488 2392 503 2421 1
528 2399 705 2432 agnoscere
719 2387 798 2420 mihi
815 2389 926 2421 videor
940 2399 1005 2422 nav:
1022 2390 1147 2432 (anno),
1171 2397 1323 2433 sequente
1338 2390 1482 2421 monadis
1499 2390 1602 2432 signo.
1628 2388 1718 2427 Quae
1731 2400 1867 2432 sequun-

244 2449 295 2475 tur
317 2441 408 2487 lego:

944 2498 1054 2549 77³9
1086 2500 1144 2535 ΠἾ

910 2574 936 2603 s
971 2571 1050 2607 nm
1081 2561 1144 2604 '53⁷

1049 2642 1142 2678 :vm

1467 2707 1505 2735 18
