<?xml version="1.0" encoding="UTF-8"?>
<!DOCTYPE html PUBLIC "-//W3C//DTD XHTML 1.0 Transitional//EN"
    "http://www.w3.org/TR/xhtml1/DTD/xhtml1-transitional.dtd">
<html xmlns="http://www.w3.org/1999/xhtml" xml:lang="en" lang="en">
 <head>
  <title>
</title>
<meta http-equiv="Content-Type" content="text/html;charset=utf-8" />
  <meta name='ocr-system' content='tesseract 3.04.00' />
  <meta name='ocr-capabilities' content='ocr_page ocr_carea ocr_par ocr_line ocrx_word'/>
</head>
<body>
  <div class='ocr_page' id='page_1' title='image "./scripturaelingua00geseuoft_0023.png"; bbox 0 0 2242 2976; ppageno 0'>
   <div class='ocr_carea' id='block_1_1' title="bbox 874 264 1903 301">
    <p class='ocr_par' dir='ltr' id='par_1_1' title="bbox 874 264 1903 301">
     <span class='ocr_line' id='line_1_1' title="bbox 874 264 1903 301; baseline 0.002 -3"><span class='ocrx_word' id='word_1_1' title='bbox 874 264 1302 299; x_wconf 75' lang='lat' dir='ltr'><strong>PRAEFATIO.</strong></span> <span class='ocrx_word' id='word_1_2' title='bbox 1804 268 1903 301; x_wconf 78' lang='lat' dir='ltr'><strong>xvii</strong></span> 
     </span>
    </p>
   </div>
   <div class='ocr_carea' id='block_1_2' title="bbox 217 359 1899 2683">
    <p class='ocr_par' dir='ltr' id='par_1_2' title="bbox 217 359 1899 475">
     <span class='ocr_line' id='line_1_2' title="bbox 273 359 1899 411; baseline 0 -12"><span class='ocrx_word' id='word_1_3' title='bbox 273 362 414 410; x_wconf 83' lang='lat' dir='ltr'><strong>Koppii</strong></span> <span class='ocrx_word' id='word_1_4' title='bbox 444 367 485 398; x_wconf 80' lang='lat' dir='ltr'><strong>et</strong></span> <span class='ocrx_word' id='word_1_5' title='bbox 514 359 730 408; x_wconf 81' lang='lat' dir='ltr'><strong>Lindbergii</strong></span> <span class='ocrx_word' id='word_1_6' title='bbox 762 361 990 410; x_wconf 79' lang='lat' dir='ltr'><strong>alphabetis,</strong></span> <span class='ocrx_word' id='word_1_7' title='bbox 1034 372 1132 409; x_wconf 88' lang='lat' dir='ltr'><strong>quae</strong></span> <span class='ocrx_word' id='word_1_8' title='bbox 1161 362 1399 410; x_wconf 73' lang='lat' dir='ltr'><strong>superiorum</strong></span> <span class='ocrx_word' id='word_1_9' title='bbox 1433 363 1545 400; x_wconf 84' lang='lat' dir='ltr'><strong>facile</strong></span> <span class='ocrx_word' id='word_1_10' title='bbox 1560 407 1563 408; x_wconf 19' lang='lat'><em>⁷</em></span> <span class='ocrx_word' id='word_1_11' title='bbox 1577 364 1899 411; x_wconf 84' lang='lat' dir='ltr'><strong>praestantissima</strong></span> 
     </span>
     <span class='ocr_line' id='line_1_3' title="bbox 217 426 1040 475; baseline -0.001 -12"><span class='ocrx_word' id='word_1_12' title='bbox 217 450 220 453; x_wconf 67' lang='grc'><strong><em>»</em></strong></span> <span class='ocrx_word' id='word_1_13' title='bbox 272 433 361 464; x_wconf 79' lang='lat' dir='ltr'><strong>sunt</strong></span> <span class='ocrx_word' id='word_1_14' title='bbox 385 428 445 475; x_wconf 89' lang='lat' dir='ltr'><strong>(p.</strong></span> <span class='ocrx_word' id='word_1_15' title='bbox 465 427 522 462; x_wconf 73' lang='lat'><strong>16.</strong></span> <span class='ocrx_word' id='word_1_16' title='bbox 541 428 626 473; x_wconf 86' lang='grc'>17),</span> <span class='ocrx_word' id='word_1_17' title='bbox 657 437 875 475; x_wconf 85' lang='lat' dir='ltr'><strong>comparare</strong></span> <span class='ocrx_word' id='word_1_18' title='bbox 898 426 1040 462; x_wconf 89' lang='lat' dir='ltr'><strong>volent.</strong></span> 
     </span>
    </p>

    <p class='ocr_par' dir='ltr' id='par_1_3' title="bbox 262 490 1895 1562">
     <span class='ocr_line' id='line_1_4' title="bbox 398 490 1895 540; baseline 0.001 -13"><span class='ocrx_word' id='word_1_19' title='bbox 398 492 549 528; x_wconf 76' lang='lat' dir='ltr'><strong>Praeter</strong></span> <span class='ocrx_word' id='word_1_20' title='bbox 573 491 716 527; x_wconf 81' lang='lat' dir='ltr'>litteras</span> <span class='ocrx_word' id='word_1_21' title='bbox 741 490 960 527; x_wconf 82' lang='lat' dir='ltr'><strong>Phoenicias</strong></span> <span class='ocrx_word' id='word_1_22' title='bbox 985 497 1024 527; x_wconf 90' lang='lat' dir='ltr'><strong>et</strong></span> <span class='ocrx_word' id='word_1_23' title='bbox 1049 490 1268 527; x_wconf 84' lang='lat' dir='ltr'><strong>Numidicas</strong></span> <span class='ocrx_word' id='word_1_24' title='bbox 1293 491 1406 526; x_wconf 78' lang='lat' dir='ltr'><strong>etiam</strong></span> <span class='ocrx_word' id='word_1_25' title='bbox 1425 491 1660 540; x_wconf 70' lang='lat' dir='ltr'><strong>Libye-mrum</strong></span> <span class='ocrx_word' id='word_1_26' title='bbox 1685 493 1895 529; x_wconf 87' lang='lat' dir='ltr'><strong>litterarum</strong></span> 
     </span>
     <span class='ocr_line' id='line_1_5' title="bbox 270 555 1894 606; baseline 0.001 -14"><span class='ocrx_word' id='word_1_27' title='bbox 270 555 490 600; x_wconf 87' lang='lat' dir='ltr'><strong>rationibus,</strong></span> <span class='ocrx_word' id='word_1_28' title='bbox 506 567 601 604; x_wconf 89' lang='lat' dir='ltr'><strong>quae</strong></span> <span class='ocrx_word' id='word_1_29' title='bbox 618 555 808 604; x_wconf 88' lang='lat' dir='ltr'><strong>hucusque</strong></span> <span class='ocrx_word' id='word_1_30' title='bbox 821 567 973 605; x_wconf 88' lang='lat' dir='ltr'><strong>prorsus</strong></span> <span class='ocrx_word' id='word_1_31' title='bbox 990 558 1204 605; x_wconf 80' lang='lat' dir='ltr'><strong>incognitae</strong></span> <span class='ocrx_word' id='word_1_32' title='bbox 1219 562 1338 599; x_wconf 86' lang='lat' dir='ltr'><strong>erant,</strong></span> <span class='ocrx_word' id='word_1_33' title='bbox 1355 557 1603 604; x_wconf 81' lang='lat' dir='ltr'><strong>expediendis</strong></span> <span class='ocrx_word' id='word_1_34' title='bbox 1619 569 1772 606; x_wconf 83' lang='lat' dir='ltr'><strong>operam</strong></span> <span class='ocrx_word' id='word_1_35' title='bbox 1792 557 1894 594; x_wconf 80' lang='lat' dir='ltr'><strong>dedi-</strong></span> 
     </span>
     <span class='ocr_line' id='line_1_6' title="bbox 269 619 1894 671; baseline 0.001 -14"><span class='ocrx_word' id='word_1_36' title='bbox 269 633 355 658; x_wconf 88' lang='lat' dir='ltr'><strong>mus</strong></span> <span class='ocrx_word' id='word_1_37' title='bbox 369 633 448 657; x_wconf 88' lang='lat' dir='ltr'><strong>non</strong></span> <span class='ocrx_word' id='word_1_38' title='bbox 461 621 604 657; x_wconf 86' lang='lat' dir='ltr'><strong>irritam</strong></span> <span class='ocrx_word' id='word_1_39' title='bbox 625 619 684 668; x_wconf 85' lang='lat' dir='ltr'><strong>(p.</strong></span> <span class='ocrx_word' id='word_1_40' title='bbox 703 623 775 657; x_wconf 81' lang='lat'><strong>192</strong></span> <span class='ocrx_word' id='word_1_41' title='bbox 792 632 869 669; x_wconf 87' lang='lat' dir='ltr'><strong>sqq.</strong></span> <span class='ocrx_word' id='word_1_42' title='bbox 885 624 961 658; x_wconf 83' lang='lat'><strong>459</strong></span> <span class='ocrx_word' id='word_1_43' title='bbox 976 622 1072 670; x_wconf 88' lang='lat' dir='ltr'><strong>sqq.)</strong></span> <span class='ocrx_word' id='word_1_44' title='bbox 1089 633 1305 669; x_wconf 87' lang='lat' dir='ltr'><strong>novumque</strong></span> <span class='ocrx_word' id='word_1_45' title='bbox 1320 627 1359 657; x_wconf 88' lang='lat' dir='ltr'><strong>et</strong></span> <span class='ocrx_word' id='word_1_46' title='bbox 1372 623 1617 658; x_wconf 81' lang='lat' dir='ltr'><strong>memorabile</strong></span> <span class='ocrx_word' id='word_1_47' title='bbox 1633 622 1782 671; x_wconf 84' lang='lat' dir='ltr'><strong>aliquod</strong></span> <span class='ocrx_word' id='word_1_48' title='bbox 1796 623 1894 658; x_wconf 87' lang='lat' dir='ltr'><strong>litte-</strong></span> 
     </span>
     <span class='ocr_line' id='line_1_7' title="bbox 268 683 1894 734; baseline 0.001 -12"><span class='ocrx_word' id='word_1_49' title='bbox 268 693 420 722; x_wconf 85' lang='lat' dir='ltr'><strong>raturae</strong></span> <span class='ocrx_word' id='word_1_50' title='bbox 433 697 548 734; x_wconf 84' lang='lat' dir='ltr'><strong>genus</strong></span> <span class='ocrx_word' id='word_1_51' title='bbox 563 683 605 722; x_wconf 83' lang='lat' dir='ltr'><strong>i&#39;n</strong></span> <span class='ocrx_word' id='word_1_52' title='bbox 621 685 740 722; x_wconf 85' lang='lat' dir='ltr'><strong>lucem</strong></span> <span class='ocrx_word' id='word_1_53' title='bbox 757 687 1026 734; x_wconf 83' lang='lat' dir='ltr'><strong>protraximus,</strong></span> <span class='ocrx_word' id='word_1_54' title='bbox 1046 687 1086 723; x_wconf 92' lang='lat' dir='ltr'><strong>in</strong></span> <span class='ocrx_word' id='word_1_55' title='bbox 1103 688 1208 723; x_wconf 87' lang='lat' dir='ltr'><strong>cuius</strong></span> <span class='ocrx_word' id='word_1_56' title='bbox 1223 686 1427 734; x_wconf 85' lang='lat' dir='ltr'><strong>originibus</strong></span> <span class='ocrx_word' id='word_1_57' title='bbox 1443 693 1481 722; x_wconf 91' lang='lat' dir='ltr'><strong>et</strong></span> <span class='ocrx_word' id='word_1_58' title='bbox 1495 686 1649 723; x_wconf 86' lang='lat' dir='ltr'><strong>historia</strong></span> <span class='ocrx_word' id='word_1_59' title='bbox 1664 687 1894 724; x_wconf 80' lang='lat' dir='ltr'><strong>illustrandis</strong></span> 
     </span>
     <span class='ocr_line' id='line_1_8' title="bbox 268 749 1893 801; baseline 0.001 -15"><span class='ocrx_word' id='word_1_60' title='bbox 268 751 346 788; x_wconf 89' lang='lat' dir='ltr'><strong>iam</strong></span> <span class='ocrx_word' id='word_1_61' title='bbox 371 762 483 800; x_wconf 88' lang='lat' dir='ltr'><strong>porro</strong></span> <span class='ocrx_word' id='word_1_62' title='bbox 508 751 700 798; x_wconf 81' lang='lat' dir='ltr'><strong>ingenium</strong></span> <span class='ocrx_word' id='word_1_63' title='bbox 730 759 934 788; x_wconf 83' lang='lat' dir='ltr'><strong>exerceant</strong></span> <span class='ocrx_word' id='word_1_64' title='bbox 959 750 1237 799; x_wconf 84' lang='lat' dir='ltr'><strong>Palaeographi.</strong></span> <span class='ocrx_word' id='word_1_65' title='bbox 1292 749 1414 794; x_wconf 83' lang='lat' dir='ltr'><strong>Quam</strong></span> <span class='ocrx_word' id='word_1_66' title='bbox 1443 751 1739 799; x_wconf 85' lang='lat' dir='ltr'><strong>disputationem</strong></span> <span class='ocrx_word' id='word_1_67' title='bbox 1764 753 1795 788; x_wconf 87' lang='lat' dir='ltr'><strong>si</strong></span> <span class='ocrx_word' id='word_1_68' title='bbox 1811 753 1893 801; x_wconf 92' lang='lat' dir='ltr'><strong>quis</strong></span> 
     </span>
     <span class='ocr_line' id='line_1_9' title="bbox 267 816 1893 865; baseline 0.001 -13"><span class='ocrx_word' id='word_1_69' title='bbox 267 827 291 852; x_wconf 86' lang='lat' dir='ltr'><strong>a</strong></span> <span class='ocrx_word' id='word_1_70' title='bbox 316 821 445 853; x_wconf 78' lang='lat' dir='ltr'><strong>nostro</strong></span> <span class='ocrx_word' id='word_1_71' title='bbox 472 822 571 852; x_wconf 78' lang='lat' dir='ltr'><strong>certe</strong></span> <span class='ocrx_word' id='word_1_72' title='bbox 593 816 747 852; x_wconf 86' lang='lat' dir='ltr'><strong>consilio</strong></span> <span class='ocrx_word' id='word_1_73' title='bbox 764 817 926 853; x_wconf 83' lang='lat' dir='ltr'><strong>alienam</strong></span> <span class='ocrx_word' id='word_1_74' title='bbox 947 823 1075 865; x_wconf 84' lang='lat' dir='ltr'><strong>putet,</strong></span> <span class='ocrx_word' id='word_1_75' title='bbox 1101 817 1133 852; x_wconf 91' lang='lat' dir='ltr'><strong>is</strong></span> <span class='ocrx_word' id='word_1_76' title='bbox 1154 823 1306 865; x_wconf 84' lang='lat' dir='ltr'><strong>reputet</strong></span> <span class='ocrx_word' id='word_1_77' title='bbox 1324 817 1460 860; x_wconf 89' lang='lat' dir='ltr'><strong>velim,</strong></span> <span class='ocrx_word' id='word_1_78' title='bbox 1486 816 1664 863; x_wconf 85' lang='lat' dir='ltr'><strong>Libycam</strong></span> <span class='ocrx_word' id='word_1_79' title='bbox 1690 816 1893 864; x_wconf 84' lang='lat' dir='ltr'><strong>Tuggensis</strong></span> 
     </span>
     <span class='ocr_line' id='line_1_10' title="bbox 266 881 1892 930; baseline 0.001 -14"><span class='ocrx_word' id='word_1_80' title='bbox 266 881 518 928; x_wconf 81' lang='lat' dir='ltr'><strong>inscriptionis</strong></span> <span class='ocrx_word' id='word_1_81' title='bbox 540 887 687 929; x_wconf 88' lang='lat' dir='ltr'><strong>partem</strong></span> <span class='ocrx_word' id='word_1_82' title='bbox 711 881 810 918; x_wconf 88' lang='lat' dir='ltr'><strong>adeo</strong></span> <span class='ocrx_word' id='word_1_83' title='bbox 821 882 862 918; x_wconf 92' lang='lat' dir='ltr'><strong>in</strong></span> <span class='ocrx_word' id='word_1_84' title='bbox 878 882 1018 919; x_wconf 88' lang='lat' dir='ltr'><strong>Punica</strong></span> <span class='ocrx_word' id='word_1_85' title='bbox 1035 882 1116 918; x_wconf 87' lang='lat' dir='ltr'><strong>eius</strong></span> <span class='ocrx_word' id='word_1_86' title='bbox 1128 888 1237 930; x_wconf 83' lang='lat' dir='ltr'><strong>parte</strong></span> <span class='ocrx_word' id='word_1_87' title='bbox 1253 882 1411 929; x_wconf 85' lang='lat' dir='ltr'><strong>legenda</strong></span> <span class='ocrx_word' id='word_1_88' title='bbox 1428 881 1611 929; x_wconf 88' lang='lat' dir='ltr'><strong>huiusque</strong></span> <span class='ocrx_word' id='word_1_89' title='bbox 1627 887 1737 917; x_wconf 87' lang='lat' dir='ltr'><strong>textu</strong></span> <span class='ocrx_word' id='word_1_90' title='bbox 1756 882 1892 918; x_wconf 87' lang='lat' dir='ltr'><strong>consti-</strong></span> 
     </span>
     <span class='ocr_line' id='line_1_11' title="bbox 265 945 1892 994; baseline 0 -13"><span class='ocrx_word' id='word_1_91' title='bbox 265 945 408 981; x_wconf 83' lang='lat' dir='ltr'><strong>tuendo</strong></span> <span class='ocrx_word' id='word_1_92' title='bbox 423 957 583 993; x_wconf 87' lang='lat' dir='ltr'><strong>magnae</strong></span> <span class='ocrx_word' id='word_1_93' title='bbox 598 946 753 983; x_wconf 78' lang='lat' dir='ltr'><strong>utilitati</strong></span> <span class='ocrx_word' id='word_1_94' title='bbox 769 947 894 983; x_wconf 86' lang='lat' dir='ltr'><strong>fuisse.</strong></span> <span class='ocrx_word' id='word_1_95' title='bbox 938 947 1135 983; x_wconf 86' lang='lat' dir='ltr'><strong>Praeterea</strong></span> <span class='ocrx_word' id='word_1_96' title='bbox 1151 952 1278 983; x_wconf 89' lang='lat' dir='ltr'><strong>autem</strong></span> <span class='ocrx_word' id='word_1_97' title='bbox 1294 953 1422 983; x_wconf 90' lang='lat' dir='ltr'><strong>nostra</strong></span> <span class='ocrx_word' id='word_1_98' title='bbox 1437 947 1629 991; x_wconf 85' lang='lat' dir='ltr'><strong>intererat,</strong></span> <span class='ocrx_word' id='word_1_99' title='bbox 1656 957 1760 983; x_wconf 88' lang='lat' dir='ltr'><strong>novo</strong></span> <span class='ocrx_word' id='word_1_100' title='bbox 1778 953 1892 994; x_wconf 90' lang='lat' dir='ltr'><strong>atque</strong></span> 
     </span>
     <span class='ocr_line' id='line_1_12' title="bbox 264 1009 1890 1061; baseline 0.001 -16"><span class='ocrx_word' id='word_1_101' title='bbox 264 1009 456 1047; x_wconf 84' lang='lat' dir='ltr'><strong>luculento</strong></span> <span class='ocrx_word' id='word_1_102' title='bbox 478 1010 550 1047; x_wconf 87' lang='lat' dir='ltr'><strong>hoc</strong></span> <span class='ocrx_word' id='word_1_103' title='bbox 576 1011 785 1059; x_wconf 83' lang='lat' dir='ltr'><strong>specimine</strong></span> <span class='ocrx_word' id='word_1_104' title='bbox 808 1011 1010 1048; x_wconf 86' lang='lat' dir='ltr'><strong>lectoribus</strong></span> <span class='ocrx_word' id='word_1_105' title='bbox 1036 1017 1265 1057; x_wconf 87' lang='lat' dir='ltr'><strong>monstrare,</strong></span> <span class='ocrx_word' id='word_1_106' title='bbox 1293 1024 1368 1061; x_wconf 89' lang='lat' dir='ltr'><strong>qua</strong></span> <span class='ocrx_word' id='word_1_107' title='bbox 1385 1013 1532 1049; x_wconf 88' lang='lat' dir='ltr'><strong>ratione</strong></span> <span class='ocrx_word' id='word_1_108' title='bbox 1549 1023 1619 1048; x_wconf 90' lang='lat' dir='ltr'><strong>nos</strong></span> <span class='ocrx_word' id='word_1_109' title='bbox 1638 1012 1676 1047; x_wconf 90' lang='lat' dir='ltr'><strong>in</strong></span> <span class='ocrx_word' id='word_1_110' title='bbox 1700 1012 1890 1059; x_wconf 86' lang='lat' dir='ltr'><strong>signorum</strong></span> 
     </span>
     <span class='ocr_line' id='line_1_13' title="bbox 263 1075 1890 1126; baseline 0.001 -16"><span class='ocrx_word' id='word_1_111' title='bbox 263 1075 478 1122; x_wconf 83' lang='lat' dir='ltr'><strong>ignotorum</strong></span> <span class='ocrx_word' id='word_1_112' title='bbox 495 1081 681 1123; x_wconf 84' lang='lat' dir='ltr'><strong>potestate</strong></span> <span class='ocrx_word' id='word_1_113' title='bbox 700 1076 916 1124; x_wconf 80' lang='lat' dir='ltr'><strong>indaganda</strong></span> <span class='ocrx_word' id='word_1_114' title='bbox 933 1077 991 1113; x_wconf 90' lang='lat' dir='ltr'><strong>usi</strong></span> <span class='ocrx_word' id='word_1_115' title='bbox 1007 1086 1190 1114; x_wconf 80' lang='lat' dir='ltr'><strong>essemus:</strong></span> <span class='ocrx_word' id='word_1_116' title='bbox 1215 1089 1311 1126; x_wconf 87' lang='lat' dir='ltr'><strong>quae</strong></span> <span class='ocrx_word' id='word_1_117' title='bbox 1326 1077 1476 1125; x_wconf 88' lang='lat' dir='ltr'><strong>quidem</strong></span> <span class='ocrx_word' id='word_1_118' title='bbox 1498 1077 1655 1114; x_wconf 85' lang='lat' dir='ltr'><strong>omnino</strong></span> <span class='ocrx_word' id='word_1_119' title='bbox 1671 1075 1803 1112; x_wconf 89' lang='lat' dir='ltr'><strong>eadem</strong></span> <span class='ocrx_word' id='word_1_120' title='bbox 1821 1081 1890 1118; x_wconf 88' lang='lat' dir='ltr'><strong>est,</strong></span> 
     </span>
     <span class='ocr_line' id='line_1_14' title="bbox 266 1140 1890 1190; baseline 0.001 -15"><span class='ocrx_word' id='word_1_121' title='bbox 266 1150 340 1187; x_wconf 90' lang='lat' dir='ltr'><strong>qua</strong></span> <span class='ocrx_word' id='word_1_122' title='bbox 369 1140 409 1176; x_wconf 88' lang='lat' dir='ltr'><strong>in</strong></span> <span class='ocrx_word' id='word_1_123' title='bbox 435 1142 602 1177; x_wconf 85' lang='lat' dir='ltr'><strong>numeris</strong></span> <span class='ocrx_word' id='word_1_124' title='bbox 625 1141 761 1189; x_wconf 78' lang='lat' dir='ltr'><strong>ignotis</strong></span> <span class='ocrx_word' id='word_1_125' title='bbox 787 1141 1010 1190; x_wconf 83' lang='lat' dir='ltr'><strong>quaerendis</strong></span> <span class='ocrx_word' id='word_1_126' title='bbox 1037 1149 1196 1179; x_wconf 77' lang='lat' dir='ltr'><strong>utuntur</strong></span> <span class='ocrx_word' id='word_1_127' title='bbox 1225 1142 1500 1186; x_wconf 83' lang='lat' dir='ltr'><strong>mathematici,</strong></span> <span class='ocrx_word' id='word_1_128' title='bbox 1541 1148 1586 1178; x_wconf 91' lang='lat' dir='ltr'><strong>ut</strong></span> <span class='ocrx_word' id='word_1_129' title='bbox 1610 1142 1658 1178; x_wconf 90' lang='lat' dir='ltr'><strong>ab</strong></span> <span class='ocrx_word' id='word_1_130' title='bbox 1679 1141 1757 1185; x_wconf 90' lang='lat' dir='ltr'><strong>his,</strong></span> <span class='ocrx_word' id='word_1_131' title='bbox 1794 1152 1890 1188; x_wconf 90' lang='lat' dir='ltr'><strong>quae</strong></span> 
     </span>
     <span class='ocr_line' id='line_1_15' title="bbox 264 1203 1889 1263; baseline 0 -23"><span class='ocrx_word' id='word_1_132' title='bbox 264 1203 354 1241; x_wconf 84' lang='lat' dir='ltr'><strong>data</strong></span> <span class='ocrx_word' id='word_1_133' title='bbox 377 1205 473 1249; x_wconf 86' lang='lat' dir='ltr'><strong>sint,</strong></span> <span class='ocrx_word' id='word_1_134' title='bbox 499 1206 774 1263; x_wconf 73' lang='lat' dir='ltr'><strong>proficiscentes</strong></span> <span class='ocrx_word' id='word_1_135' title='bbox 800 1218 846 1243; x_wconf 86' lang='lat' dir='ltr'><strong>ea</strong></span> <span class='ocrx_word' id='word_1_136' title='bbox 872 1207 1096 1254; x_wconf 87' lang='lat' dir='ltr'><strong>colligendo,</strong></span> <span class='ocrx_word' id='word_1_137' title='bbox 1123 1207 1389 1256; x_wconf 88' lang='lat' dir='ltr'><strong>componendo</strong></span> <span class='ocrx_word' id='word_1_138' title='bbox 1409 1214 1449 1243; x_wconf 90' lang='lat' dir='ltr'><strong>et</strong></span> <span class='ocrx_word' id='word_1_139' title='bbox 1461 1208 1561 1244; x_wconf 81' lang='lat' dir='ltr'><strong>inter</strong></span> <span class='ocrx_word' id='word_1_140' title='bbox 1575 1219 1615 1244; x_wconf 86' lang='lat' dir='ltr'><strong>se</strong></span> <span class='ocrx_word' id='word_1_141' title='bbox 1631 1205 1889 1254; x_wconf 86' lang='lat' dir='ltr'><strong>comparando</strong></span> 
     </span>
     <span class='ocr_line' id='line_1_16' title="bbox 265 1268 1888 1321; baseline 0.001 -17"><span class='ocrx_word' id='word_1_142' title='bbox 265 1268 315 1305; x_wconf 89' lang='lat' dir='ltr'><strong>ad</strong></span> <span class='ocrx_word' id='word_1_143' title='bbox 340 1270 471 1316; x_wconf 83' lang='lat' dir='ltr'><strong>ignota</strong></span> <span class='ocrx_word' id='word_1_144' title='bbox 494 1271 757 1319; x_wconf 80' lang='lat' dir='ltr'><strong>investiganda</strong></span> <span class='ocrx_word' id='word_1_145' title='bbox 780 1273 1008 1320; x_wconf 84' lang='lat' dir='ltr'><strong>perveniant</strong></span> <span class='ocrx_word' id='word_1_146' title='bbox 1034 1272 1102 1321; x_wconf 79' lang='lat' dir='ltr'><strong>(cf.</strong></span> <span class='ocrx_word' id='word_1_147' title='bbox 1121 1273 1218 1309; x_wconf 89' lang='lat' dir='ltr'><strong>lib.I</strong></span> <span class='ocrx_word' id='word_1_148' title='bbox 1246 1272 1278 1321; x_wconf 67' lang='grc' dir='ltr'><strong>ξ.</strong></span> <span class='ocrx_word' id='word_1_149' title='bbox 1299 1274 1379 1320; x_wconf 88' lang='grc'>11).</span> <span class='ocrx_word' id='word_1_150' title='bbox 1434 1271 1608 1309; x_wconf 88' lang='lat' dir='ltr'><strong>Ceterum</strong></span> <span class='ocrx_word' id='word_1_151' title='bbox 1627 1271 1716 1319; x_wconf 89' lang='lat' dir='ltr'><strong>quid</strong></span> <span class='ocrx_word' id='word_1_152' title='bbox 1735 1281 1888 1307; x_wconf 86' lang='lat' dir='ltr'><strong>caussae</strong></span> 
     </span>
     <span class='ocr_line' id='line_1_17' title="bbox 263 1333 1887 1386; baseline 0 -16"><span class='ocrx_word' id='word_1_153' title='bbox 263 1333 330 1377; x_wconf 86' lang='lat' dir='ltr'><strong>sit,</strong></span> <span class='ocrx_word' id='word_1_154' title='bbox 370 1333 472 1382; x_wconf 83' lang='lat' dir='ltr'><strong>quod</strong></span> <span class='ocrx_word' id='word_1_155' title='bbox 508 1337 787 1372; x_wconf 85' lang='lat' dir='ltr'><strong>&#39;commentariis</strong></span> <span class='ocrx_word' id='word_1_156' title='bbox 825 1336 873 1372; x_wconf 84' lang='lat' dir='ltr'><strong>de</strong></span> <span class='ocrx_word' id='word_1_157' title='bbox 906 1337 1198 1386; x_wconf 82' lang='lat' dir='ltr'><strong>Palaeographia</strong></span> <span class='ocrx_word' id='word_1_158' title='bbox 1233 1338 1433 1374; x_wconf 80' lang='lat' dir='ltr'><strong>Phoenicia</strong></span> <span class='ocrx_word' id='word_1_159' title='bbox 1456 1338 1558 1374; x_wconf 76' lang='lat' dir='ltr'><strong>¹alios</strong></span> <span class='ocrx_word' id='word_1_160' title='bbox 1593 1337 1663 1373; x_wconf 84' lang='lat' dir='ltr'><strong>etsi</strong></span> <span class='ocrx_word' id='word_1_161' title='bbox 1694 1335 1887 1372; x_wconf 88' lang='lat' dir='ltr'><strong>breviores</strong></span> 
     </span>
     <span class='ocr_line' id='line_1_18' title="bbox 263 1396 1885 1449; baseline 0.002 -18"><span class='ocrx_word' id='word_1_162' title='bbox 263 1396 311 1432; x_wconf 89' lang='lat' dir='ltr'><strong>de</strong></span> <span class='ocrx_word' id='word_1_163' title='bbox 338 1397 630 1446; x_wconf 72' lang='lat' dir='ltr'><strong>Palaeograpliia</strong></span> <span class='ocrx_word' id='word_1_164' title='bbox 655 1407 872 1447; x_wconf 83' lang='lat' dir='ltr'><strong>comparata</strong></span> <span class='ocrx_word' id='word_1_165' title='bbox 895 1401 981 1446; x_wconf 89' lang='lat' dir='ltr'><strong>(lib.</strong></span> <span class='ocrx_word' id='word_1_166' title='bbox 1004 1402 1022 1436; x_wconf 96' lang='lat' dir='ltr'>I</span> <span class='ocrx_word' id='word_1_167' title='bbox 1046 1401 1078 1449; x_wconf 66' lang='grc' dir='ltr'><strong>ξ.</strong></span> <span class='ocrx_word' id='word_1_168' title='bbox 1101 1405 1267 1438; x_wconf 84' lang='grc'>44-55</span> <span class='ocrx_word' id='word_1_169' title='bbox 1293 1409 1331 1438; x_wconf 89' lang='lat' dir='ltr'><strong>et</strong></span> <span class='ocrx_word' id='word_1_170' title='bbox 1355 1402 1549 1439; x_wconf 89' lang='lat' dir='ltr'><strong>corollaria</strong></span> <span class='ocrx_word' id='word_1_171' title='bbox 1568 1401 1616 1437; x_wconf 89' lang='lat' dir='ltr'><strong>ad</strong></span> <span class='ocrx_word' id='word_1_172' title='bbox 1633 1400 1688 1449; x_wconf 55' lang='grc' dir='ltr'><strong>ἐξ.</strong></span> <span class='ocrx_word' id='word_1_173' title='bbox 1708 1400 1885 1446; x_wconf 83' lang='grc'>12-32)</span> 
     </span>
     <span class='ocr_line' id='line_1_19' title="bbox 262 1460 1885 1514; baseline 0.002 -18"><span class='ocrx_word' id='word_1_174' title='bbox 262 1460 541 1506; x_wconf 83' lang='lat' dir='ltr'><strong>addiderimus,</strong></span> <span class='ocrx_word' id='word_1_175' title='bbox 573 1462 617 1498; x_wconf 44' lang='lat' dir='ltr'><strong>id*</strong></span> <span class='ocrx_word' id='word_1_176' title='bbox 639 1463 740 1499; x_wconf 80' lang='lat' dir='ltr'><strong>infra</strong></span> <span class='ocrx_word' id='word_1_177' title='bbox 766 1465 955 1512; x_wconf 89' lang='lat' dir='ltr'><strong>copiosius</strong></span> <span class='ocrx_word' id='word_1_178' title='bbox 982 1465 1214 1513; x_wconf 84' lang='lat' dir='ltr'><strong>disputatum</strong></span> <span class='ocrx_word' id='word_1_179' title='bbox 1240 1467 1326 1512; x_wconf 86' lang='lat' dir='ltr'><strong>(lib.</strong></span> <span class='ocrx_word' id='word_1_180' title='bbox 1341 1466 1407 1514; x_wconf 70' lang='lat'><strong>1§.</strong></span> <span class='ocrx_word' id='word_1_181' title='bbox 1425 1467 1498 1513; x_wconf 84' lang='grc'><strong>44)</strong></span> <span class='ocrx_word' id='word_1_182' title='bbox 1525 1466 1596 1501; x_wconf 86' lang='lat' dir='ltr'><strong>hoc</strong></span> <span class='ocrx_word' id='word_1_183' title='bbox 1617 1466 1698 1501; x_wconf 89' lang='lat' dir='ltr'><strong>loco</strong></span> <span class='ocrx_word' id='word_1_184' title='bbox 1715 1470 1885 1512; x_wconf 88' lang='lat' dir='ltr'><strong>repetere</strong></span> 
     </span>
     <span class='ocr_line' id='line_1_20' title="bbox 263 1526 509 1562; baseline 0 0"><span class='ocrx_word' id='word_1_185' title='bbox 263 1533 341 1562; x_wconf 84' lang='lat' dir='ltr'><strong>non</strong></span> <span class='ocrx_word' id='word_1_186' title='bbox 363 1526 509 1562; x_wconf 84' lang='lat' dir='ltr'><strong>attinet.</strong></span> 
     </span>
    </p>

    <p class='ocr_par' dir='ltr' id='par_1_4' title="bbox 252 1590 1885 2683">
     <span class='ocr_line' id='line_1_21' title="bbox 386 1590 1884 1642; baseline 0.001 -16"><span class='ocrx_word' id='word_1_187' title='bbox 386 1593 420 1627; x_wconf 75' lang='lat'><strong>4.</strong></span> <span class='ocrx_word' id='word_1_188' title='bbox 474 1590 648 1638; x_wconf 87' lang='lat' dir='ltr'><strong>Denique</strong></span> <span class='ocrx_word' id='word_1_189' title='bbox 671 1597 715 1628; x_wconf 87' lang='lat' dir='ltr'><strong>ut</strong></span> <span class='ocrx_word' id='word_1_190' title='bbox 738 1592 946 1629; x_wconf 85' lang='lat' dir='ltr'><strong>instaurata</strong></span> <span class='ocrx_word' id='word_1_191' title='bbox 966 1593 1031 1629; x_wconf 91' lang='lat' dir='ltr'><strong>illa</strong></span> <span class='ocrx_word' id='word_1_192' title='bbox 1048 1592 1337 1629; x_wconf 78' lang='lat' dir='ltr'><strong>deleem&#39;ciae</strong></span> <span class='ocrx_word' id='word_1_193' title='bbox 1353 1593 1593 1642; x_wconf 81' lang='lat' dir='ltr'><strong>Pum&#39;caeque</strong></span> <span class='ocrx_word' id='word_1_194' title='bbox 1607 1592 1763 1640; x_wconf 77' lang='lat' dir='ltr'><strong>linguae</strong></span> <span class='ocrx_word' id='word_1_195' title='bbox 1777 1592 1884 1639; x_wconf 72' lang='lat' dir='ltr'><strong>facie</strong></span> 
     </span>
     <span class='ocr_line' id='line_1_22' title="bbox 263 1656 1884 1707; baseline 0.001 -16"><span class='ocrx_word' id='word_1_196' title='bbox 263 1656 521 1692; x_wconf 84' lang='lat' dir='ltr'><strong>controversia</strong></span> <span class='ocrx_word' id='word_1_197' title='bbox 546 1656 703 1693; x_wconf 82' lang='lat' dir='ltr'><strong>tandem</strong></span> <span class='ocrx_word' id='word_1_198' title='bbox 730 1663 769 1693; x_wconf 90' lang='lat' dir='ltr'><strong>et</strong></span> <span class='ocrx_word' id='word_1_199' title='bbox 795 1657 911 1693; x_wconf 87' lang='lat' dir='ltr'><strong>semel</strong></span> <span class='ocrx_word' id='word_1_200' title='bbox 933 1664 1240 1706; x_wconf 81' lang='lat' dir='ltr'><strong>componeretur,</strong></span> <span class='ocrx_word' id='word_1_201' title='bbox 1279 1658 1467 1707; x_wconf 82' lang='lat' dir='ltr'><strong>duplicem</strong></span> <span class='ocrx_word' id='word_1_202' title='bbox 1501 1659 1604 1695; x_wconf 83' lang='lat' dir='ltr'><strong>viam</strong></span> <span class='ocrx_word' id='word_1_203' title='bbox 1632 1664 1670 1694; x_wconf 89' lang='lat' dir='ltr'><strong>et</strong></span> <span class='ocrx_word' id='word_1_204' title='bbox 1696 1658 1884 1694; x_wconf 83' lang='lat' dir='ltr'><strong>rationem</strong></span> 
     </span>
     <span class='ocr_line' id='line_1_23' title="bbox 260 1720 1882 1769; baseline 0.001 -14"><span class='ocrx_word' id='word_1_205' title='bbox 260 1720 544 1768; x_wconf 80' lang='lat' dir='ltr'><strong>ingrediendam</strong></span> <span class='ocrx_word' id='word_1_206' title='bbox 574 1722 806 1769; x_wconf 84' lang='lat' dir='ltr'><strong>putavimus.</strong></span> <span class='ocrx_word' id='word_1_207' title='bbox 858 1721 943 1759; x_wconf 87' lang='lat' dir='ltr'><strong>Una</strong></span> <span class='ocrx_word' id='word_1_208' title='bbox 968 1729 1067 1767; x_wconf 88' lang='lat' dir='ltr'><strong>erat,</strong></span> <span class='ocrx_word' id='word_1_209' title='bbox 1100 1730 1144 1759; x_wconf 91' lang='lat' dir='ltr'><strong>ut</strong></span> <span class='ocrx_word' id='word_1_210' title='bbox 1166 1724 1445 1768; x_wconf 85' lang='lat' dir='ltr'><strong>ostenderetur,</strong></span> <span class='ocrx_word' id='word_1_211' title='bbox 1475 1725 1517 1760; x_wconf 90' lang='lat' dir='ltr'><strong>in</strong></span> <span class='ocrx_word' id='word_1_212' title='bbox 1535 1723 1792 1760; x_wconf 86' lang='lat' dir='ltr'><strong>monumentis</strong></span> <span class='ocrx_word' id='word_1_213' title='bbox 1807 1733 1882 1758; x_wconf 87' lang='lat' dir='ltr'><strong>non</strong></span> 
     </span>
     <span class='ocr_line' id='line_1_24' title="bbox 252 1785 1882 1837; baseline 0 -15"><span class='ocrx_word' id='word_1_214' title='bbox 252 1786 382 1822; x_wconf 70' lang='lat' dir='ltr'><strong>⁴solum</strong></span> <span class='ocrx_word' id='word_1_215' title='bbox 424 1785 634 1823; x_wconf 85' lang='lat' dir='ltr'><strong>Phoeniciis</strong></span> <span class='ocrx_word' id='word_1_216' title='bbox 674 1792 714 1822; x_wconf 88' lang='lat' dir='ltr'><strong>et</strong></span> <span class='ocrx_word' id='word_1_217' title='bbox 754 1787 904 1823; x_wconf 85' lang='lat' dir='ltr'><strong>Punicis</strong></span> <span class='ocrx_word' id='word_1_218' title='bbox 944 1787 1009 1823; x_wconf 90' lang='lat' dir='ltr'><strong>sed</strong></span> <span class='ocrx_word' id='word_1_219' title='bbox 1050 1789 1163 1825; x_wconf 86' lang='lat' dir='ltr'><strong>etiam</strong></span> <span class='ocrx_word' id='word_1_220' title='bbox 1212 1789 1428 1825; x_wconf 56' lang='lat' dir='ltr'><strong>Numidicis</strong></span> <span class='ocrx_word' id='word_1_221' title='bbox 1471 1790 1655 1837; x_wconf 85' lang='lat' dir='ltr'><strong>(quarum</strong></span> <span class='ocrx_word' id='word_1_222' title='bbox 1699 1787 1882 1824; x_wconf 86' lang='lat' dir='ltr'><strong>dialectus</strong></span> 
     </span>
     <span class='ocr_line' id='line_1_25' title="bbox 260 1849 1883 1902; baseline 0.001 -17"><span class='ocrx_word' id='word_1_223' title='bbox 260 1850 352 1885; x_wconf 88' lang='lat' dir='ltr'><strong>viris</strong></span> <span class='ocrx_word' id='word_1_224' title='bbox 388 1849 506 1886; x_wconf 86' lang='lat' dir='ltr'><strong>doctis</strong></span> <span class='ocrx_word' id='word_1_225' title='bbox 542 1849 736 1899; x_wconf 86' lang='lat' dir='ltr'><strong>hucusque</strong></span> <span class='ocrx_word' id='word_1_226' title='bbox 775 1852 967 1899; x_wconf 85' lang='lat' dir='ltr'><strong>incognita</strong></span> <span class='ocrx_word' id='word_1_227' title='bbox 1000 1853 1094 1901; x_wconf 83' lang='lat' dir='ltr'><strong>fuit)</strong></span> <span class='ocrx_word' id='word_1_228' title='bbox 1142 1861 1243 1890; x_wconf 83' lang='lat' dir='ltr'><strong>certo</strong></span> <span class='ocrx_word' id='word_1_229' title='bbox 1284 1861 1323 1891; x_wconf 89' lang='lat' dir='ltr'><strong>et</strong></span> <span class='ocrx_word' id='word_1_230' title='bbox 1361 1855 1527 1902; x_wconf 82' lang='lat' dir='ltr'><strong>legitimo</strong></span> <span class='ocrx_word' id='word_1_231' title='bbox 1561 1853 1672 1890; x_wconf 90' lang='lat' dir='ltr'><strong>modo</strong></span> <span class='ocrx_word' id='word_1_232' title='bbox 1706 1853 1810 1888; x_wconf 85' lang='lat' dir='ltr'><strong>lectis</strong></span> <span class='ocrx_word' id='word_1_233' title='bbox 1844 1858 1883 1887; x_wconf 91' lang='lat' dir='ltr'><strong>et</strong></span> 
     </span>
     <span class='ocr_line' id='line_1_26' title="bbox 259 1914 1881 1967; baseline 0.002 -18"><span class='ocrx_word' id='word_1_234' title='bbox 259 1914 459 1962; x_wconf 88' lang='lat' dir='ltr'><strong>explicatis</strong></span> <span class='ocrx_word' id='word_1_235' title='bbox 493 1925 571 1950; x_wconf 80' lang='lat' dir='ltr'><strong>nou</strong></span> <span class='ocrx_word' id='word_1_236' title='bbox 601 1915 717 1952; x_wconf 83' lang='lat' dir='ltr'><strong>aliam</strong></span> <span class='ocrx_word' id='word_1_237' title='bbox 738 1915 902 1963; x_wconf 78' lang='lat' dir='ltr'><strong>linguae</strong></span> <span class='ocrx_word' id='word_1_238' title='bbox 936 1918 1097 1965; x_wconf 89' lang='lat' dir='ltr'><strong>speciem</strong></span> <span class='ocrx_word' id='word_1_239' title='bbox 1123 1919 1296 1967; x_wconf 89' lang='lat' dir='ltr'><strong>reperiri,</strong></span> <span class='ocrx_word' id='word_1_240' title='bbox 1331 1931 1443 1967; x_wconf 88' lang='lat' dir='ltr'><strong>quam</strong></span> <span class='ocrx_word' id='word_1_241' title='bbox 1472 1930 1567 1967; x_wconf 88' lang='lat' dir='ltr'><strong>quae</strong></span> <span class='ocrx_word' id='word_1_242' title='bbox 1593 1931 1677 1955; x_wconf 90' lang='lat' dir='ltr'><strong>cum</strong></span> <span class='ocrx_word' id='word_1_243' title='bbox 1706 1917 1881 1954; x_wconf 89' lang='lat' dir='ltr'><strong>Hebraea</strong></span> 
     </span>
     <span class='ocr_line' id='line_1_27' title="bbox 259 1979 1885 2033; baseline 0.002 -19"><span class='ocrx_word' id='word_1_244' title='bbox 259 1991 329 2027; x_wconf 88' lang='lat' dir='ltr'><strong>per</strong></span> <span class='ocrx_word' id='word_1_245' title='bbox 351 1979 481 2015; x_wconf 88' lang='lat' dir='ltr'><strong>omnia</strong></span> <span class='ocrx_word' id='word_1_246' title='bbox 506 1980 584 2016; x_wconf 88' lang='lat' dir='ltr'><strong>fere</strong></span> <span class='ocrx_word' id='word_1_247' title='bbox 612 1981 852 2024; x_wconf 85' lang='lat' dir='ltr'><strong>conveniret,</strong></span> <span class='ocrx_word' id='word_1_248' title='bbox 875 1988 987 2030; x_wconf 86' lang='lat' dir='ltr'><strong>atque</strong></span> <span class='ocrx_word' id='word_1_249' title='bbox 1010 1989 1158 2020; x_wconf 84' lang='lat' dir='ltr'><strong>tantum</strong></span> <span class='ocrx_word' id='word_1_250' title='bbox 1183 1995 1261 2020; x_wconf 90' lang='lat' dir='ltr'><strong>non</strong></span> <span class='ocrx_word' id='word_1_251' title='bbox 1287 1985 1432 2029; x_wconf 88' lang='lat' dir='ltr'><strong>omnia,</strong></span> <span class='ocrx_word' id='word_1_252' title='bbox 1460 1996 1555 2032; x_wconf 91' lang='lat' dir='ltr'><strong>quae</strong></span> <span class='ocrx_word' id='word_1_253' title='bbox 1575 1996 1644 2033; x_wconf 93' lang='lat' dir='ltr'><strong>pro</strong></span> <span class='ocrx_word' id='word_1_254' title='bbox 1661 1983 1885 2026; x_wconf 70' lang='lat' dir='ltr'><strong>Arabismis,</strong></span> 
     </span>
     <span class='ocr_line' id='line_1_28' title="bbox 259 2044 1881 2098; baseline 0.002 -19"><span class='ocrx_word' id='word_1_255' title='bbox 259 2044 477 2091; x_wconf 87' lang='lat' dir='ltr'><strong>Syriasmis,</strong></span> <span class='ocrx_word' id='word_1_256' title='bbox 512 2044 831 2082; x_wconf 87' lang='lat' dir='ltr'><strong>Samaritanismis</strong></span> <span class='ocrx_word' id='word_1_257' title='bbox 856 2046 1053 2084; x_wconf 82' lang='lat' dir='ltr'><strong>venditata</strong></span> <span class='ocrx_word' id='word_1_258' title='bbox 1076 2056 1220 2094; x_wconf 87' lang='lat' dir='ltr'><strong>essent,</strong></span> <span class='ocrx_word' id='word_1_259' title='bbox 1247 2050 1342 2086; x_wconf 78' lang='lat' dir='ltr'><strong>falsa</strong></span> <span class='ocrx_word' id='word_1_260' title='bbox 1367 2049 1498 2086; x_wconf 83' lang='lat' dir='ltr'><strong>harum</strong></span> <span class='ocrx_word' id='word_1_261' title='bbox 1527 2049 1816 2098; x_wconf 85' lang='lat' dir='ltr'><strong>epigrapharum</strong></span> <span class='ocrx_word' id='word_1_262' title='bbox 1842 2053 1881 2083; x_wconf 86' lang='lat' dir='ltr'><strong>et</strong></span> 
     </span>
     <span class='ocr_line' id='line_1_29' title="bbox 258 2109 1879 2163; baseline 0.002 -19"><span class='ocrx_word' id='word_1_263' title='bbox 258 2109 418 2145; x_wconf 85' lang='lat' dir='ltr'><strong>lectione</strong></span> <span class='ocrx_word' id='word_1_264' title='bbox 451 2115 491 2145; x_wconf 88' lang='lat' dir='ltr'><strong>et</strong></span> <span class='ocrx_word' id='word_1_265' title='bbox 521 2110 835 2158; x_wconf 82' lang='lat' dir='ltr'><strong>interpretatione</strong></span> <span class='ocrx_word' id='word_1_266' title='bbox 856 2112 944 2148; x_wconf 87' lang='lat' dir='ltr'><strong>niti:</strong></span> <span class='ocrx_word' id='word_1_267' title='bbox 982 2113 1083 2160; x_wconf 90' lang='lat' dir='ltr'><strong>quod</strong></span> <span class='ocrx_word' id='word_1_268' title='bbox 1109 2120 1189 2150; x_wconf 81' lang='lat' dir='ltr'><strong>turn</strong></span> <span class='ocrx_word' id='word_1_269' title='bbox 1217 2116 1417 2163; x_wconf 87' lang='lat' dir='ltr'><strong>separatim</strong></span> <span class='ocrx_word' id='word_1_270' title='bbox 1445 2115 1531 2162; x_wconf 89' lang='lat' dir='ltr'><strong>(lib.</strong></span> <span class='ocrx_word' id='word_1_271' title='bbox 1548 2114 1600 2151; x_wconf 92' lang='lat' dir='ltr'><strong>IV</strong></span> <span class='ocrx_word' id='word_1_272' title='bbox 1623 2113 1657 2163; x_wconf 68' lang='grc' dir='ltr'><strong>ξ.</strong></span> <span class='ocrx_word' id='word_1_273' title='bbox 1675 2117 1708 2150; x_wconf 85' lang='lat'><strong>2.</strong></span> <span class='ocrx_word' id='word_1_274' title='bbox 1727 2113 1775 2161; x_wconf 75' lang='grc'><strong>3),</strong></span> <span class='ocrx_word' id='word_1_275' title='bbox 1798 2119 1879 2148; x_wconf 88' lang='lat' dir='ltr'><strong>tum</strong></span> 
     </span>
     <span class='ocr_line' id='line_1_30' title="bbox 257 2174 1880 2224; baseline 0.002 -15"><span class='ocrx_word' id='word_1_276' title='bbox 257 2174 426 2210; x_wconf 84' lang='lat' dir='ltr'><strong>maxime</strong></span> <span class='ocrx_word' id='word_1_277' title='bbox 451 2174 493 2210; x_wconf 88' lang='lat' dir='ltr'><strong>in</strong></span> <span class='ocrx_word' id='word_1_278' title='bbox 517 2174 608 2223; x_wconf 85' lang='lat' dir='ltr'><strong>ipsis</strong></span> <span class='ocrx_word' id='word_1_279' title='bbox 635 2177 916 2213; x_wconf 80' lang='lat' dir='ltr'><strong>commentariis</strong></span> <span class='ocrx_word' id='word_1_280' title='bbox 942 2189 965 2213; x_wconf 85' lang='lat' dir='ltr'><strong>a</strong></span> <span class='ocrx_word' id='word_1_281' title='bbox 990 2179 1101 2214; x_wconf 80' lang='lat' dir='ltr'><strong>nobis</strong></span> <span class='ocrx_word' id='word_1_282' title='bbox 1121 2179 1263 2215; x_wconf 85' lang='lat' dir='ltr'><strong>factum</strong></span> <span class='ocrx_word' id='word_1_283' title='bbox 1291 2186 1357 2216; x_wconf 86' lang='lat' dir='ltr'><strong>est.</strong></span> <span class='ocrx_word' id='word_1_284' title='bbox 1410 2179 1559 2224; x_wconf 87' lang='lat' dir='ltr'><strong>Altera,</strong></span> <span class='ocrx_word' id='word_1_285' title='bbox 1589 2185 1634 2216; x_wconf 89' lang='lat' dir='ltr'><strong>ut</strong></span> <span class='ocrx_word' id='word_1_286' title='bbox 1651 2178 1880 2215; x_wconf 86' lang='lat' dir='ltr'><strong>examinatis</strong></span> 
     </span>
     <span class='ocr_line' id='line_1_31' title="bbox 257 2239 1878 2293; baseline 0.002 -19"><span class='ocrx_word' id='word_1_287' title='bbox 257 2245 296 2274; x_wconf 91' lang='lat' dir='ltr'><strong>et</strong></span> <span class='ocrx_word' id='word_1_288' title='bbox 311 2239 509 2287; x_wconf 78' lang='lat' dir='ltr'><strong>explicatis</strong></span> <span class='ocrx_word' id='word_1_289' title='bbox 526 2240 658 2276; x_wconf 82' lang='lat' dir='ltr'><strong>ceteris</strong></span> <span class='ocrx_word' id='word_1_290' title='bbox 673 2240 820 2288; x_wconf 85' lang='lat' dir='ltr'><strong>linguae</strong></span> <span class='ocrx_word' id='word_1_291' title='bbox 832 2241 1054 2279; x_wconf 84' lang='lat' dir='ltr'><strong>Phoeniciae</strong></span> <span class='ocrx_word' id='word_1_292' title='bbox 1063 2244 1299 2292; x_wconf 85' lang='lat' dir='ltr'><strong>Punicaeque</strong></span> <span class='ocrx_word' id='word_1_293' title='bbox 1313 2245 1489 2293; x_wconf 75' lang='lat' dir='ltr'><strong>reliquiis,</strong></span> <span class='ocrx_word' id='word_1_294' title='bbox 1503 2256 1598 2292; x_wconf 89' lang='lat' dir='ltr'><strong>quae</strong></span> <span class='ocrx_word' id='word_1_295' title='bbox 1614 2243 1715 2292; x_wconf 76' lang='lat' dir='ltr'><strong>apud</strong></span> <span class='ocrx_word' id='word_1_296' title='bbox 1731 2248 1878 2279; x_wconf 86' lang='lat' dir='ltr'><strong>veteres</strong></span> 
     </span>
     <span class='ocr_line' id='line_1_32' title="bbox 256 2298 1881 2357; baseline 0.002 -18"><span class='ocrx_word' id='word_1_297' title='bbox 256 2304 454 2351; x_wconf 78' lang='lat' dir='ltr'><strong>scriptores</strong></span> <span class='ocrx_word' id='word_1_298' title='bbox 469 2298 642 2341; x_wconf 83' lang='lat' dir='ltr'><strong>servatae</strong></span> <span class='ocrx_word' id='word_1_299' title='bbox 657 2312 756 2351; x_wconf 82' lang='lat' dir='ltr'><strong>sunt,</strong></span> <span class='ocrx_word' id='word_1_300' title='bbox 766 2305 972 2351; x_wconf 82' lang='lat' dir='ltr'><strong>doceretur,</strong></span> <span class='ocrx_word' id='word_1_301' title='bbox 990 2308 1107 2344; x_wconf 78' lang='lat' dir='ltr'><strong>etiam</strong></span> <span class='ocrx_word' id='word_1_302' title='bbox 1121 2308 1189 2345; x_wconf 89' lang='lat' dir='ltr'><strong>has</strong></span> <span class='ocrx_word' id='word_1_303' title='bbox 1206 2321 1281 2346; x_wconf 83' lang='lat' dir='ltr'><strong>non</strong></span> <span class='ocrx_word' id='word_1_304' title='bbox 1298 2310 1410 2346; x_wconf 87' lang='lat' dir='ltr'><strong>aliam</strong></span> <span class='ocrx_word' id='word_1_305' title='bbox 1427 2310 1575 2357; x_wconf 74' lang='lat' dir='ltr'><strong>linguae</strong></span> <span class='ocrx_word' id='word_1_306' title='bbox 1593 2310 1752 2345; x_wconf 77' lang='lat' dir='ltr'><strong>formam</strong></span> <span class='ocrx_word' id='word_1_307' title='bbox 1768 2307 1881 2343; x_wconf 80' lang='lat' dir='ltr'><strong>nobis</strong></span> 
     </span>
     <span class='ocr_line' id='line_1_33' title="bbox 256 2368 1876 2423; baseline 0.001 -19"><span class='ocrx_word' id='word_1_308' title='bbox 256 2368 408 2404; x_wconf 85' lang='lat' dir='ltr'><strong>referre.</strong></span> <span class='ocrx_word' id='word_1_309' title='bbox 460 2368 572 2405; x_wconf 84' lang='lat' dir='ltr'><strong>Hanc</strong></span> <span class='ocrx_word' id='word_1_310' title='bbox 598 2370 712 2417; x_wconf 83' lang='lat' dir='ltr'><strong>igitur</strong></span> <span class='ocrx_word' id='word_1_311' title='bbox 734 2371 782 2407; x_wconf 86' lang='lat' dir='ltr'><strong>ob</strong></span> <span class='ocrx_word' id='word_1_312' title='bbox 810 2383 977 2408; x_wconf 71' lang='lat' dir='ltr'><strong>mussam</strong></span> <span class='ocrx_word' id='word_1_313' title='bbox 1006 2374 1113 2421; x_wconf 90' lang='lat' dir='ltr'><strong>operi</strong></span> <span class='ocrx_word' id='word_1_314' title='bbox 1138 2381 1266 2411; x_wconf 87' lang='lat' dir='ltr'><strong>nostro</strong></span> <span class='ocrx_word' id='word_1_315' title='bbox 1291 2381 1449 2423; x_wconf 83' lang='lat' dir='ltr'><strong>quartus·</strong></span> <span class='ocrx_word' id='word_1_316' title='bbox 1466 2376 1562 2411; x_wconf 87' lang='lat' dir='ltr'><strong>liber·</strong></span> <span class='ocrx_word' id='word_1_317' title='bbox 1579 2373 1776 2410; x_wconf 84' lang='lat' dir='ltr'><strong>addendus</strong></span> <span class='ocrx_word' id='word_1_318' title='bbox 1796 2376 1876 2407; x_wconf 86' lang='lat' dir='ltr'><strong>erat</strong></span> 
     </span>
     <span class='ocr_line' id='line_1_34' title="bbox 257 2433 1879 2489; baseline 0.001 -21"><span class='ocrx_word' id='word_1_319' title='bbox 257 2444 359 2469; x_wconf 86' lang='lat' dir='ltr'><strong>mere</strong></span> <span class='ocrx_word' id='word_1_320' title='bbox 390 2433 606 2482; x_wconf 83' lang='lat' dir='ltr'><strong>philologici</strong></span> <span class='ocrx_word' id='word_1_321' title='bbox 633 2437 860 2483; x_wconf 78' lang='lat' dir='ltr'><strong>argumenti,</strong></span> <span class='ocrx_word' id='word_1_322' title='bbox 894 2438 974 2484; x_wconf 88' lang='lat' dir='ltr'><strong>qui,</strong></span> <span class='ocrx_word' id='word_1_323' title='bbox 1009 2445 1270 2487; x_wconf 88' lang='lat' dir='ltr'><strong>praeterquam</strong></span> <span class='ocrx_word' id='word_1_324' title='bbox 1298 2441 1399 2489; x_wconf 88' lang='lat' dir='ltr'><strong>quod</strong></span> <span class='ocrx_word' id='word_1_325' title='bbox 1421 2441 1527 2476; x_wconf 87' lang='lat' dir='ltr'><strong>illum</strong></span> <span class='ocrx_word' id='word_1_326' title='bbox 1550 2440 1598 2476; x_wconf 89' lang='lat' dir='ltr'><strong>de</strong></span> <span class='ocrx_word' id='word_1_327' title='bbox 1621 2450 1694 2486; x_wconf 93' lang='lat' dir='ltr'><strong>quo</strong></span> <span class='ocrx_word' id='word_1_328' title='bbox 1709 2437 1879 2473; x_wconf 68' lang='lat' dir='ltr'><strong>diximus⁴</strong></span> 
     </span>
     <span class='ocr_line' id='line_1_35' title="bbox 258 2494 1878 2552; baseline 0.002 -19"><span class='ocrx_word' id='word_1_329' title='bbox 258 2508 422 2534; x_wconf 78' lang='lat' dir='ltr'><strong>errorem</strong></span> <span class='ocrx_word' id='word_1_330' title='bbox 448 2494 644 2535; x_wconf 69' lang='lat' dir='ltr'><strong>refelleret</strong></span> <span class='ocrx_word' id='word_1_331' title='bbox 663 2499 722 2547; x_wconf 91' lang='lat' dir='ltr'><strong>(id</strong></span> <span class='ocrx_word' id='word_1_332' title='bbox 750 2501 850 2537; x_wconf 79' lang='lat' dir='ltr'><strong>enim</strong></span> <span class='ocrx_word' id='word_1_333' title='bbox 873 2502 944 2539; x_wconf 82' lang='lat' dir='ltr'><strong>vix</strong></span> <span class='ocrx_word' id='word_1_334' title='bbox 971 2508 1099 2539; x_wconf 82' lang='lat' dir='ltr'><strong>tantae</strong></span> <span class='ocrx_word' id='word_1_335' title='bbox 1129 2505 1238 2541; x_wconf 88' lang='lat' dir='ltr'><strong>molis</strong></span> <span class='ocrx_word' id='word_1_336' title='bbox 1265 2507 1387 2552; x_wconf 79' lang='lat' dir='ltr'><strong>erat),</strong></span> <span class='ocrx_word' id='word_1_337' title='bbox 1429 2517 1561 2542; x_wconf 88' lang='lat' dir='ltr'><strong>omnes</strong></span> <span class='ocrx_word' id='word_1_338' title='bbox 1593 2504 1702 2539; x_wconf 88' lang='lat' dir='ltr'><strong>huius</strong></span> <span class='ocrx_word' id='word_1_339' title='bbox 1727 2502 1878 2547; x_wconf 76' lang='lat' dir='ltr'><strong>linguae</strong></span> 
     </span>
     <span class='ocr_line' id='line_1_36' title="bbox 256 2559 1872 2616; baseline 0.002 -19"><span class='ocrx_word' id='word_1_340' title='bbox 256 2561 441 2610; x_wconf 86' lang='lat' dir='ltr'><strong>reliquias,</strong></span> <span class='ocrx_word' id='word_1_341' title='bbox 467 2559 650 2613; x_wconf 88' lang='lat' dir='ltr'><strong>quotquot</strong></span> <span class='ocrx_word' id='word_1_342' title='bbox 663 2571 826 2601; x_wconf 87' lang='lat' dir='ltr'><strong>aetatem</strong></span> <span class='ocrx_word' id='word_1_343' title='bbox 842 2566 1025 2612; x_wconf 79' lang='lat' dir='ltr'><strong>tulissent,</strong></span> <span class='ocrx_word' id='word_1_344' title='bbox 1052 2568 1224 2606; x_wconf 80' lang='lat' dir='ltr'><strong>collectas</strong></span> <span class='ocrx_word' id='word_1_345' title='bbox 1240 2576 1279 2606; x_wconf 85' lang='lat' dir='ltr'><strong>et</strong></span> <span class='ocrx_word' id='word_1_346' title='bbox 1294 2570 1344 2606; x_wconf 80' lang='lat' dir='ltr'><strong>ad</strong></span> <span class='ocrx_word' id='word_1_347' title='bbox 1360 2571 1539 2616; x_wconf 81' lang='lat' dir='ltr'><strong>originem</strong></span> <span class='ocrx_word' id='word_1_348' title='bbox 1556 2568 1872 2613; x_wconf 84' lang='lat' dir='ltr'><strong>domesticamque</strong></span> 
     </span>
     <span class='ocr_line' id='line_1_37' title="bbox 257 2625 1874 2683; baseline 0.002 -21"><span class='ocrx_word' id='word_1_349' title='bbox 257 2625 478 2673; x_wconf 82' lang='lat' dir='ltr'><strong>scripturam</strong></span> <span class='ocrx_word' id='word_1_350' title='bbox 506 2636 702 2666; x_wconf 85' lang='lat' dir='ltr'><strong>revocatas</strong></span> <span class='ocrx_word' id='word_1_351' title='bbox 729 2629 944 2676; x_wconf 86' lang='lat' dir='ltr'><strong>exhiberet,</strong></span> <span class='ocrx_word' id='word_1_352' title='bbox 979 2639 1021 2669; x_wconf 87' lang='lat' dir='ltr'><strong>ut</strong></span> <span class='ocrx_word' id='word_1_353' title='bbox 1047 2644 1098 2669; x_wconf 89' lang='lat' dir='ltr'><strong>ex</strong></span> <span class='ocrx_word' id='word_1_354' title='bbox 1123 2640 1283 2683; x_wconf 78' lang='lat' dir='ltr'><strong>utroque</strong></span> <span class='ocrx_word' id='word_1_355' title='bbox 1311 2635 1380 2671; x_wconf 89' lang='lat' dir='ltr'><strong>hoc</strong></span> <span class='ocrx_word' id='word_1_356' title='bbox 1407 2636 1512 2671; x_wconf 85' lang='lat' dir='ltr'><strong>fonte</strong></span> <span class='ocrx_word' id='word_1_357' title='bbox 1539 2645 1630 2670; x_wconf 87' lang='lat' dir='ltr'><strong>vcra</strong></span> <span class='ocrx_word' id='word_1_358' title='bbox 1656 2638 1693 2666; x_wconf 89' lang='lat' dir='ltr'><strong>et</strong></span> <span class='ocrx_word' id='word_1_359' title='bbox 1709 2631 1874 2677; x_wconf 72' lang='lat' dir='ltr'><strong>genuina</strong></span> 
     </span>
    </p>
   </div>
  </div>
 </body>
</html>
