2242 2976
383 274 460 311 260
499 270 634 305 LIBER
653 267 902 303 SECUNDUS.
936 246 1274 300 lecRIPhONEs
1290 266 1751 302 mot-:Nlcmnscwn'r
1765 268 1943 302 NONUM.

384 367 466 409 quod
481 366 664 396 doceamus.
700 360 857 394 Similiter
869 367 978 394 antem
991 362 1023 393 in
1040 360 1166 393 Eumali
1179 360 1264 393 libro
1280 362 1411 393 nomina
1426 362 1557 404 propria
1570 362 1611 394 ad
1623 363 1780 405 originem
1799 363 2006 396 Phoenicium

385 424 404 454 i.
426 433 453 453 e.
485 419 690 452 Melitensem
722 425 933 458 revocantur,
971 419 1062 450 cuius
1096 418 1144 450 rei
1173 416 1323 460 exempla
1351 428 1448 460 supra
1481 418 1638 450 dedimus.
1695 420 1803 451 Porro
1831 421 2008 463 imaginum

386 479 482 509 etiam
512 476 725 517 cifrarumqne
755 474 867 507 eadem
895 475 929 507 in
959 474 1010 506 his
1038 465 1190 506 omnibus
1217 480 1267 506 est
1296 475 1389 506 ratio.
1434 473 1609 507 Eleusiniis
1630 474 1786 517 symbolis
1808 482 1938 508 ornatus
1957 483 2009 507 est

386 531 581 574 Cyrenaicus
612 531 711 574 lapis:
749 541 853 574 neque
882 531 916 563 id
950 532 1089 569 mirum,
1130 530 1313 562 condidisse
1347 541 1462 573 nempe
1497 530 1665 563 Eleusinia
1690 530 1817 574 Ogygia
1841 530 1890 563 111
1908 533 2011 575 regis

386 588 538 622 Atlantici
561 595 729 631 nepotem,
757 586 956 629 Cyrenaicae
978 595 1084 619 sectae
1107 594 1271 619 auctorem
1294 587 1394 620 fuisse
1410 586 1574 620 Atlantem
1587 587 1632 627 11,
1655 586 1844 631 Ogygi-qno
1859 589 2011 630 mysteri·

386 645 559 678 Phoenicia
580 651 613 676 et
635 643 802 676 Eleusinia
823 644 936 676 eadem
959 654 1031 676 esse
1050 651 1145 687 atque
1168 642 1348 683 Atlantica,
1382 644 1475 676 docet
1503 643 1686 677 Eumelus-
1714 642 1830 683 „Tum
1852 645 1887 676 iu
1912 642 2012 686 Gyn-

385 704 477 734 naica
499 702 705 744 inscriptione
726 700 864 744 bilingui
883 711 983 743 supra
1004 707 1054 732 est
1076 699 1264 743 Olympicus
1283 710 1388 732 annus
1410 706 1559 739 notatus,
1583 711 1716 744 prorsus
1737 706 1773 732 ut
1792 701 1825 732 in
1847 699 2011 733 Atlantide

386 758 463 791 Tib.
491 758 675 800 Sempronii
704 756 815 794 titulo;
854 764 1000 789 notarum
1031 755 1244 789 numeralium
1274 758 1307 789 in
1338 755 1521 797 Cyrenaico
1550 757 1707 789 adscitum
1728 757 1816 789 idem
1836 766 1940 799 genus
1960 751 2013 790 ist

388 816 472 858 qnod
501 816 535 846 in
564 813 658 846 libris
685 813 814 845 Eun-ali
844 813 1049 845 numerandis
1077 813 1238 853 (ΔΔῙῙΙῙ
1264 820 1297 845 et
1322 815 1418 856 ΠΙ),
1454 825 1550 857 quum
1577 821 1684 846 tamen
1708 813 1759 845 his
1782 814 1868 845 notis
1887 812 2013 845 libr-rit

387 878 459 914 post
482 869 698 902 Christianam
722 876 808 901 certe
831 869 985 912 epocham
1008 880 1072 901 non
1088 870 1138 901 usi
1155 870 1220 901 sint
1235 870 1298 901 nisi
1314 871 1347 901 in
1364 870 1588 913 computandis
1599 869 1767 909 versibus,
1789 877 1867 912 qnot
1879 871 2012 912 quisque

387 928 564 960 eonfineret
583 926 667 958 liber
688 925 832 965 (Oecon.
856 927 917 958 civ.
934 925 1053 958 Athen.
1074 924 1116 964 11,
1137 936 1169 967 p.
1188 928 1245 958 16¹
1258 925 1299 968 )“
1315 926 1353 967 ⁸).
1397 926 1554 969 Denique
1569 927 1644 969 quid
1662 926 1725 958 sibi
1742 924 1820 958 velit
1833 926 2012 968 inscriptio-

387 985 438 1016 nis
458 990 698 1026 argumentum,
732 993 819 1014 nuno
839 983 968 1014 demum
989 980 1118 1014 Eumali
1136 980 1228 1013 libris
1251 980 1437 1023 Cyrenaicis
1460 982 1650 1014 illustratur.
1694 981 1787 1020 Quae
1801 982 1937 1014 enimin
1950 981 2012 1013 hoc

386 1039 480 1073 titulo
503 1039 638 1081 bilingui
662 1039 924 1071 commendantur
947 1045 1042 1080 atque
1064 1047 1085 1068 a
1107 1036 1269 1069 veteribus
1289 1037 1510 1079 hierophantis
1527 1046 1711 1081 repetuntur
1733 1039 1775 1071 de
1793 1041 2011 1070 conmunione
2046 1045 2050 1048 “

388 1096 541 1129 bonoru-
552 1096 783 1137 mulierumque
800 1102 835 1126 et
848 1094 890 1125 de
903 1097 1057 1126 instituo
1071 1097 1280 1125 conmuniter
1296 1094 1434 1126 vivendi
1439 1117 1449 1134 ,
1465 1105 1575 1137 purae
1583 1085 1768 1134 fdt’citatie
1779 1094 1894 1134 fonte,
1916 1094 2011 1137 prae-

389 1160 498 1194 cepta,
539 1162 578 1183 ea
601 1152 689 1194 ipsa,
725 1158 760 1183 ut
781 1151 939 1189 vidimus,
976 1142 1181 1182 celebrantu'r
1210 1156 1242 1181 et
1270 1150 1309 1181 ad
1339 1149 1505 1182 Atlantem
1526 1157 1750 1193 mystagognm
1772 1150 1955 1182 referuntur
1975 1150 2011 1182 in

391 1207 517 1241 Eumali
543 1207 658 1246 libris,
696 1208 883 1249 videturque
904 1208 966 1238 ista
989 1206 1136 1237 doctrina
1158 1205 1406 1237 Simoni-tarum
1427 1206 1495 1238 fere
1517 1207 1683 1249 ingenium
1705 1206 1854 1239 redolens
1875 1213 1942 1239 tum
1963 1205 2011 1238 ill.

391 1264 575 1297 Marchioni
597 1271 664 1295 tnm
686 1262 913 1294 Melitensibus
935 1263 1054 1294 nostris
1076 1263 1109 1294 in
1132 1261 1257 1294 deliciis
1276 1262 1389 1296 fnisse.

520 1318 602 1357 Quis
623 1320 825 1361 potissimum
848 1318 962 1350 horum
982 1317 1131 1351 ludorum
1154 1325 1264 1350 auctor
1285 1318 1443 1361 putandus
1464 1319 1524 1358 sit,
1555 1329 1632 1351 num
1655 1318 1860 1362 Grongnetus
1881 1317 2012 1362 ling-ae

391 1375 572 1409 Melitensis
595 1374 681 1407 hand
704 1375 803 1407 dubie
823 1376 962 1418 peritus,
991 1375 1215 1407 Fortianornm
1236 1385 1369 1417 operum
1389 1374 1527 1407 lectione
1551 1375 1606 1418 (ut
1626 1377 1765 1418 scimus)
1788 1374 1949 1414 imbutus,
1975 1375 2010 1408 in

390 1432 546 1465 auxilium
569 1432 654 1463 forte
672 1439 786 1464 vocato
807 1430 954 1464 Conuolo
982 1431 1139 1475 „linguae
1163 1430 1358 1464 Chaldaicae
1380 1431 1566 1464 Professore
1575 1435 1616 1470 “;
1654 1443 1695 1464 an
1728 1432 1830 1475 (quae
1852 1430 2011 1464 Boeekhii

390 1495 441 1520 est
468 1490 643 1527 sententia,
666 1500 697 1530 p.
719 1488 760 1529 9)
791 1489 859 1531 ipse
887 1487 935 1520 ill.
965 1487 1132 1528 Marebio,
1160 1489 1210 1519 vir
1233 1487 1404 1530 multiplici
1424 1490 1623 1531 antiquitatis
1651 1489 1797 1520 doctrina
1823 1488 2009 1527 instructus,

390 1543 627 1586 multorumque
647 1543 805 1576 librorum
827 1545 868 1576 de
888 1543 1097 1587 chronologia
1119 1551 1151 1575 et
1173 1545 1370 1576 astronomia
1384 1551 1527 1576 veterum
1542 1551 1671 1585 aneton
1695 1555 1747 1582 nn,
1769 1543 1852 1586 quod
1869 1544 2010 1576 maxime

391 1599 557 1643 probabile
587 1607 654 1639 est,
687 1600 782 1632 ambo
813 1611 884 1633 cnm
914 1599 988 1632 aliis
1014 1602 1108 1643 (nam
1138 1601 1234 1631 etiam
1267 1600 1375 1632 Galea
1396 1611 1417 1631 a
1437 1601 1652 1632 conscientiae
1673 1601 1856 1642 suspicione
1876 1599 2008 1631 minimo

390 1658 542 1689 immunis
571 1658 640 1698 est)
667 1658 702 1688 in
730 1658 801 1689 eius
828 1656 950 1688 fraudis
979 1658 1163 1690 societatem
1195 1657 1368 1696 coiverint,
1403 1667 1487 1688 nunc
1516 1657 1551 1687 in
1581 1657 1686 1688 medio
1718 1655 1855 1699 relinqui
1882 1656 2008 1698 poterit·

391 1712 499 1751 Quum
528 1714 614 1745 enim
644 1714 710 1746 iam
736 1700 894 1745 Boeckbii
923 1712 1034 1744 libello
1063 1715 1110 1745 ita
1137 1713 1307 1746 torrefacta
1336 1712 1505 1744 videantur
1533 1718 1659 1755 spectra
1679 1711 1883 1750 Melitensis,
1916 1717 1956 1742 utv
1973 1712 2022 1754 in.

393 1768 556 1811 pulverem
578 1768 762 1812 collapsum
779 1771 859 1802 sint:
886 1771 942 1801 vix
964 1777 997 1801 et
1018 1780 1058 1801 ne
1081 1771 1136 1802 vix
1157 1769 1285 1813 quidem
1305 1769 1511 1801 ueniendum
1532 1776 1598 1807 est,
1623 1778 1664 1800 ne
1685 1778 1771 1799 nova
1791 1778 1809 1799 e
1828 1766 2010 1800 Melitensis

392 1833 496 1857 terr-e
519 1827 643 1868 gremio
667 1831 842 1868 emergant.

1123 1868 1274 1901 Lxxx.

780 1927 1066 1960 ATTICA
1109 1926 1190 1960 1⁴¹0
1217 1926 1619 1960 URMONTII.

519 1993 611 2025 Misit
638 1992 678 2025 ab
705 1992 842 2025 Osanno
870 1995 1001 2026 Parisiis
1031 2002 1192 2036 acceptam
1223 1993 1498 2037 Hohlenbergius.
1547 1993 1771 2032 Fourmonfii,
1806 2000 1841 2024 nt
1870 1993 2007 2032 videtur,

392 2060 488 2082 manu
510 2051 541 2080 ei
562 2050 757 2092 adscriptum
780 2057 863 2082 erat:
892 2050 1003 2089 „haec
1025 2052 1189 2093 inscriptio
1211 2050 1416 2092 Ἐνεαπυργοῦ
1438 2051 1470 2081 in
1493 2049 1644 2092 Zophoro
1667 2050 1840 2081 sanctuarii
1853 2047 2008 2082 ecelesiae

391 2112 519 2147 reperta
539 2108 622 2136 est.“
666 2106 809 2138 Litterae
831 2107 986 2149 capitibus
1008 2118 1145 2150 superne
1167 2108 1288 2150 apertis
1309 2107 1680 2149 aramme-aegyptiacis
1701 2106 1769 2137 fere
1782 2104 1904 2137 similes
1919 2112 2007 2144 sunt,

393 2162 451 2195 sed
479 2160 657 2193 litterarum
688 2163 772 2194 inter
794 2174 829 2194 se
851 2163 1022 2206 ligatorum
1045 2165 1146 2202 ratio,
1177 2170 1363 2195 ornamenta
1390 2162 1508 2194 litteris
1526 2163 1672 2204 appion,
1708 2166 1871 2194 extremae
1892 2171 2007 2193 vocum
2062 2197 2067 2201 ¹

391 2216 518 2253 litterae
534 2218 697 2248 inversae:
715 2218 794 2250 haec
811 2221 919 2251 omnia
931 2219 1093 2253 veteribus
1108 2219 1322 2252 Phoenicibus
1337 2221 1383 2250 ita
1396 2218 1541 2250 inaudita
1553 2225 1639 2256 sunt,
1655 2223 1750 2260 atque
1766 2216 1923 2250 ludicrum
1938 2218 2007 2250 fere

392 2282 427 2308 et.
448 2275 651 2317 nugatorium
674 2281 802 2305 nostrae
829 2278 941 2308 aetatis
965 2276 1103 2308 bominis
1126 2278 1290 2318 ingenium
1313 2277 1458 2318 sapiunt,
1495 2281 1531 2306 nt
1551 2273 1633 2306 nihil
1656 2273 1818 2312 dubitem,
1854 2274 1939 2306 idem
1966 2275 2006 2307 de

392 2330 453 2365 hac
467 2341 590 2374 quoqne
606 2330 815 2371 inscriptione
834 2332 1034 2364 iudicandam
1052 2343 1140 2371 esse,
1168 2333 1251 2374 quod
1266 2333 1306 2363 de
1322 2331 1430 2363 multis
1443 2331 1702 2362 Fourmontianis
1715 2330 1809 2361 evicit
1820 2328 2006 2363 Boeckhius

391 2386 507 2431 (Cot-p.
521 2388 619 2420 inm.
635 2384 676 2419 Τ.
691 2384 716 2417 L
739 2397 772 2428 p.
788 2388 826 2417 61
845 2388 941 2428 sqq.).
984 2388 1058 2430 Ipsa
1070 2390 1167 2420 etiam
1182 2388 1279 2420 verba
1295 2388 1382 2420 bunc
1395 2388 1463 2419 tere
1479 2389 1512 2418 in
1527 2387 1655 2419 modum
1669 2385 1822 2428 legenda:
1844 2394 1888 2420 n:
1904 2395 2003 2420 mm:

391 2445 475 2479 :1252
499 2450 563 2476 tm:
588 2450 672 2476 75:72
694 2450 760 2480 nm,
788 2443 872 2474 unde
896 2443 1012 2475 bonam
1028 2446 1218 2475 sententiam
1233 2446 1288 2476 vix
1303 2444 1412 2476 elicias
1435 2445 1533 2485 (num
1549 2443 1631 2474 forte
1644 2442 1725 2476 aab:
1744 2449 1784 2475 a&
1806 2449 1855 2474 est
1863 2445 2006 2486 populna

390 2500 556 2534 Bilcuns'?
566 2501 593 2540 )‚
621 2500 839 2541 suspicionem
852 2497 999 2536 fimum,
1026 2511 1128 2542 neque
1143 2501 1263 2532 diutius
1279 2502 1311 2531 ei
1326 2501 1490 2533 immorari
1508 2508 1624 2541 operae
1647 2499 1797 2540 pretium.

438 2610 467 2645 Ἀ”)
486 2611 608 2638 Boeckh.
629 2610 647 2636 1.
661 2618 685 2643 c.
708 2618 734 2644 p.
752 2611 794 2636 10.
