2242 2976
684 262 802 296 NUMI
822 262 974 297 PUNICI
996 261 1229 295 HISPANICI.
1277 261 1538 320 XV.'·GADES.
1839 263 1913 300 307

288 356 498 390 formularum
520 358 707 399 compendia
729 364 822 396 sunt,
856 357 885 388 si
906 356 1002 387 modo
1024 362 1146 387 certum
1168 366 1223 387 eas
1244 356 1475 398 interpretandi
1497 355 1738 387 fundamentum
1759 361 1910 386 exstaret.

286 431 329 438 —
368 412 462 451 Quod
493 415 526 445 in
556 413 738 453 nonnullis,
777 424 856 456 quos
885 412 995 444 laudat
1022 412 1240 454 Lindbergius
1271 423 1304 454 p.
1327 415 1366 444 15
1390 423 1448 455 pro
1471 420 1555 446 ⁶57³&
1578 430 1621 435 —
1644 420 1682 445 a&
1701 410 1835 453 legitur,
1871 411 1910 442 de

286 480 326 502 eo
356 470 487 508 dubito,
524 477 630 502 utrum
660 470 882 512 compendium
911 469 954 501 sit
981 479 1022 500 an
1052 480 1126 511 pars
1154 470 1320 501 commatis
1343 470 1491 512 perierit,
1528 479 1624 511 quum
1648 477 1687 502 a&
1710 469 1742 499 in
1766 469 1910 511 margine

288 527 377 558 numi
400 534 593 569 compareat.

415 586 446 614 2.
491 582 640 614 Secunda
662 581 774 614 classis
796 581 897 614 multo
915 582 1019 613 rarior
1038 580 1123 612 hune
1145 589 1253 624 typum
1277 581 1390 613 habet:

418 639 525 681 Caput
547 639 721 678 Herculis,
751 645 785 669 ut
808 638 847 670 cl.
873 642 901 670 1.
932 638 960 680 )(
991 637 1177 679 Delphinus
1199 638 1342 670 tridenti
1368 638 1546 680 implicitae
1577 638 1622 670 ad
1646 641 1707 669 ein.
1752 637 1856 680 Supra
1877 644 1910 670 et

286 695 372 727 infra
400 694 576 738 epigraphe
606 703 693 730 7523
722 696 819 729 nbwa.
862 693 950 726 Vide
978 693 1040 725 litt.
1068 693 1096 725 B
1125 705 1189 725 sec.
1213 693 1372 735 Bayerum
1395 694 1460 726 tab.
1481 693 1542 733 lv,
1565 705 1619 726 no.
1639 697 1679 726 16
1700 694 1779 734 (ubi
1801 701 1907 726 tamen

287 750 388 783 altera
415 750 587 784 delineatio
620 753 727 783 minus
756 751 860 792 fida),
897 749 958 782 litt.
987 749 1014 789 1,
1032 761 1074 782 ex
1104 750 1203 782 Paris.
1233 751 1375 788 inedito,
1417 761 1510 792 quem
1539 750 1805 794 Hohlenbergius
1829 750 1909 783 mihi

286 807 476 847 delineavit,
499 807 559 839 litt.
575 807 608 839 K
631 819 673 840 ex
694 807 843 840 Mionnet
865 818 918 839 no.
936 810 976 839 98
1001 806 1216 846 (delineatum
1239 806 1279 838 ab
1309 806 1576 850 Hofflenbergio,
1603 818 1739 850 quocum
1761 807 1910 839 convenit

285 864 504 908 Lindbergius
526 864 588 896 tab.
612 863 661 896 lv
685 875 736 896 no.
747 865 802 906 4),
825 863 884 895 litt.
906 864 935 896 L
958 874 1000 895 ex
1023 863 1125 895 Paris.
1146 863 1287 903 inedito,
1311 864 1345 894 in
1369 874 1431 906 quo
1449 862 1521 896 Tau
1535 870 1568 895 et
1580 862 1685 906 Aleph
1701 865 1757 895 vix
1770 865 1907 906 integra,

286 919 347 952 litt.
369 920 407 952 M
434 931 476 952 ex
498 920 683 964 Velasquez
705 921 835 961 Ensayo
865 919 931 951 tab:
957 922 997 952 17
1020 930 1073 951 no.
1098 923 1146 951 14.

383 1016 387 1018 Y
413 976 501 1008 Huic
523 976 619 1008 classi
642 976 802 1018 peculiare
824 982 890 1014 est,
926 976 1010 1018 quod
1033 986 1091 1017 pro
1113 985 1136 1008 a
1158 974 1284 1007 articuli
1308 975 1427 1018 ubique
1458 984 1483 1010 η
1511 977 1665 1018 scriptum
1688 983 1753 1015 est,
1788 982 1820 1008 et
1848 975 1910 1008 soli

287 1031 503 1075 negligentiae
532 1033 736 1064 tribuendum
760 1042 895 1069 censeo,
933 1031 1016 1073 quod
1038 1031 1254 1073 Lindbergius
1284 1031 1335 1073 (p.
1358 1032 1417 1071 14)
1442 1043 1512 1063 eam
1534 1031 1613 1075 legit
1637 1041 1721 1068 ἾὯΝ
1741 1034 1827 1068 115575
1850 1033 1912 1075 (cf.

286 1088 349 1121 tab.
362 1088 423 1128 IV,
443 1088 497 1132 4).
541 1088 786 1121 pronuncianda
810 1093 842 1118 et
863 1086 1056 1130 explicanda
1078 1093 1184 1119 autem
1206 1088 1389 1129 inscriptio:

613 1164 725 1218 'Uda
755 1152 871 1218 ῃξ-ξέ
1191 1156 1335 1192 Civitas
1364 1156 1536 1192 Gadium

285 1250 367 1272 non:
403 1245 538 1272 senatus
572 1240 621 1282 (v.
643 1240 683 1271 ad
704 1250 757 1271 no.
783 1240 838 1281 1),
874 1236 1036 1280 multoque
1067 1239 1192 1270 minus:
1232 1238 1468 1278 „dominantes
1502 1239 1645 1272 Gadw‘
1683 1241 1752 1283 (pr.
1781 1242 1912 1273 domina

287 1295 434 1338 Gades),
463 1303 498 1328 ut
519 1296 668 1339 Koppius
703 1296 755 1338 (1,
779 1296 880 1336 208),
916 1295 1032 1326 nedum
1047 1295 1208 1336 praedita
1228 1299 1423 1328 munimento
1446 1295 1606 1338 (Hamak.
1628 1296 1768 1328 Miscell.
1792 1309 1822 1339 p.
1843 1297 1911 1340 85),

287 1361 321 1385 ut
343 1361 431 1389 ''mai-t
452 1355 538 1388 τὴν)
560 1354 721 1395 integrum
743 1353 786 1383 sit
809 1350 948 1383 Gadium
971 1362 1106 1390 nomen,
1134 1357 1171 1382 ut
1192 1359 1265 1394 3797:
1290 1352 1352 1386 bx:
1375 1359 1406 1384 et
1428 1360 1520 1395 μνη,
1555 1360 1644 1389 'mm
1667 1354 1728 1388 bx:
1751 1361 1783 1385 et
1805 1354 1922 1389 nixu(

286 1410 345 1442 Est
374 1417 480 1442 autem
510 1411 596 1445 ηὸτι
624 1412 744 1441 civitas
774 1407 969 1439 abstractum
997 1418 1053 1449 pro
1084 1415 1234 1439 concreto
1266 1409 1423 1450 positum,
1461 1412 1641 1452 civiumque
1663 1413 1912 1443 univer-citatem

285 1466 465 1509 significat,
501 1469 549 1499 ita
577 1471 612 1498 ut
639 1465 830 1496 femininum
859 1464 995 1495 eandem
1026 1465 1092 1495 vim
1120 1463 1237 1495 habeat
1267 1471 1361 1506 atque
1390 1464 1527 1498 Pluralis
1566 1466 1617 1508 (v.
1654 1477 1789 1509 gramm.
1817 1466 1909 1498 hebr.

286 1524 314 1562 5.
332 1525 404 1562 105,
427 1522 488 1555 litt.
511 1523 549 1565 c)
577 1529 611 1554 et
633 1529 719 1556 Ἵππη
740 1522 826 1554 nbx:
849 1521 935 1551 idem
957 1521 1000 1551 sit
1022 1520 1108 1562 quod
1130 1528 1216 1555 η’·ιπι
1237 1521 1321 1555 ὑπ.
1367 1520 1526 1564 Intelligis
1550 1523 1632 1559 iam,
1664 1523 1740 1565 quid
1762 1524 1805 1554 sit
1826 1522 1911 1565 quod

286 1579 373 1611 idem
400 1579 551 1622 oppidum
579 1580 614 1610 in
643 1575 885 1619 septentrionali
916 1583 1004 1618 parte
1034 1577 1134 1608 Judae
1162 1578 1278 1616 situm,
1315 1578 1400 1620 quod
1431 1580 1517 1627 ι-ιξξε-
1546 1585 1680 1610 vocatur
1707 1578 1775 1610 Jos.
1798 1581 1857 1618 15,
1880 1581 1912 1610 9.

287 1638 304 1666 1
327 1635 401 1667 Par.
424 1638 475 1675 13,
499 1638 538 1674 9,
569 1635 668 1666 etiam
691 1641 788 1681 ’.ηπ-ιζ
812 1634 886 1681 “22²2
907 1631 1083 1674 appelletur
1106 1635 1126 1663 2
1150 1632 1237 1664 Sam.
1262 1636 1293 1672 6,
1313 1637 1349 1672 1,
1379 1634 1419 1666 of.
1443 1634 1544 1667 Thes.
1557 1634 1636 1678 ling.
1653 1634 1744 1667 hebr.
1768 1646 1799 1677 p.
1818 1637 1892 1667 226.

415 1708 446 1738 3.
494 1705 602 1747 Caput
623 1705 791 1736 Herculis.
822 1703 849 1745 )(
888 1702 1038 1743 Thynnus
1059 1702 1105 1734 ad
1125 1703 1288 1735 dextram.
1314 1724 1317 1728 s
1335 1703 1517 1747 Epigraphe
1541 1716 1640 1747 supra
1662 1711 1694 1736 et
1716 1705 1801 1737 infra
1823 1706 1911 1739 nbi-m

288 1770 384 1795 ἾἾιΝ.
426 1760 513 1793 Vide
535 1760 596 1792 litt.
618 1760 655 1793 C.
679 1771 721 1791 ex
744 1759 862 1800 Bayeri
885 1757 1037 1800 exemplo
1059 1757 1082 1791 l.
1101 1769 1128 1790 c.
1153 1759 1193 1790 cf.
1216 1758 1332 1791 Florez
1356 1761 1420 1792 tab.
1446 1764 1497 1793 27.

417 1817 454 1849 Si
483 1823 571 1848 certa
601 1823 651 1848 est
681 1815 777 1847 huius
806 1813 1024 1856 epigraphae,
1055 1825 1136 1856 quae
1165 1826 1295 1856 perrara
1316 1827 1387 1847 esse
1417 1817 1543 1848 videtur
1565 1818 1687 1860 (neque
1708 1818 1841 1849 Parisiis
1864 1825 1914 1850 est

290 1885 392 1918 neque
408 1873 574 1915 Londini),
598 1874 769 1916 scriptura,
789 1877 875 1902 recte
891 1881 961 1901 eam
976 1870 1124 1912 legerunt
1138 1877 1170 1902 et
1186 1872 1384 1913 interpretati
1399 1880 1473 1904 sunt
1487 1872 1631 1914 Bayerus
1645 1880 1677 1905 et
1691 1872 1912 1915 Tychsenius:

348 1956 452 1994 573&
483 1943 600 1995 22an
710 1957 946 1995 percussura
970 1943 1160 1992 (κόμμα)
1191 1945 1360 1982 Gadium
1394 1947 1586 1996 (Gepriige
1609 1959 1686 1985 von
1715 1948 1886 1997 Gades),

289 2046 308 2066 a
331 2035 398 2068 0⁷2³
419 2032 524 2071 feriit,
546 2032 720 2074 percussit,
746 2031 830 2074 quod
853 2031 893 2062 ad
915 2024 1082 2072 pecuniam
1105 2031 1280 2062 cudendam
1305 2033 1471 2064 transferri
1492 2040 1630 2075 poterat,
1654 2041 1688 2066 ut
1710 2034 1796 2067 arab.
1819 2047 1913 2084 hyp,

287 2092 342 2125 lat.
356 2093 491 2132 ferire,
514 2103 562 2134 gr.
578 2090 718 2129 κόπτειν,
742 2096 840 2121 nostr.
867 2089 952 2121 Geld
973 2089 1144 2132 schlagen,
1174 2089 1256 2132 hisp.
1281 2091 1373 2123 her-ir
1386 2092 1532 2124 moneda.
1576 2093 1636 2124 Est
1659 2100 1763 2126 autem
1781 2105 1915 2137 percue-

288 2160 367 2182 mra
390 2149 530 2181 Gadium
553 2158 615 2179 non
639 2148 745 2178 minus
762 2152 836 2188 apta
857 2147 1040 2188 inscriptio,
1069 2158 1162 2189 quam
1184 2150 1216 2179 in
1241 2149 1418 2180 innumeris
1442 2150 1571 2181 turcicis
1593 2150 1766 2184 Q
1787 2153 1814 2193 ῤ,
1836 2162 1913 2198 *2²²0

289 2219 383 2241 cum:
410 2212 459 2240 eet
489 2207 791 2248 Constantinopoli,
820 2205 854 2236 id
875 2204 960 2247 quod
988 2204 1118 2247 Koppio
1149 2208 1407 2249 respondendum
1437 2215 1504 2248 est,
1542 2210 1597 2252 qui
1627 2216 1773 2241 monetae
1797 2220 1912 2240 nomen

290 2267 489 2307 (quanquam
514 2274 579 2295 non
604 2262 684 2301 hoc,
715 2262 772 2293 sed
783 2271 984 2303 percussura
1001 2264 1207 2304 memoratur)
1226 2265 1260 2295 in
1277 2270 1405 2296 moneta
1421 2265 1665 2308 frigidissimum
1683 2276 1755 2298 esse
1769 2264 1913 2297 affirmat.

292 2319 439 2353 Ceterum
461 2319 653 2357 subdubito,
691 2319 775 2350 sitne
795 2319 829 2349 in
852 2329 949 2349 numo
970 2319 1041 2360 ipso
1060 2320 1214 2361 scriptum

962 2379 1228 2471 ὴὴῆᾞ

293 2491 376 2532 quod
407 2489 540 2533 legerim
571 2498 664 2524 inm-172
695 2502 714 2521 a
737 2500 805 2524 nnn
829 2490 986 2532 signavit,
1010 2489 1153 2532 sigillum
1176 2492 1338 2535 impressit
1359 2492 1447 2524 arab.
1470 2497 1543 2542 5²⁵
1565 2493 1723 2535 signavit,
1746 2492 1912 2534 pecuniam

293 2551 442 2591 signavit.
462 2568 504 2575 —
539 2549 634 2587 Quod
656 2549 803 2592 Koppius
826 2556 857 2580 et
879 2548 1096 2598 Lindpergius
1120 2550 1212 2582 dant:
1246 2562 1329 2587 572&
1354 2560 1435 2585 12:572
1462 2552 1569 2598 (53³¹ss
1592 2551 1695 2594 uqi-173)
1719 2560 1764 2582 ex
1787 2549 1916 2581 divitiis

298 2604 457 2643 Gadium,
495 2604 545 2650 vel
567 2616 612 2638 ex
634 2607 781 2645 divitiis,
815 2605 979 2644 Gadibus,
1023 2616 1124 2648 neque
1146 2618 1205 2649 per
1227 2607 1405 2640 litterarum
1429 2607 1567 2650 figuras,
1605 2618 1707 2649 neque
1730 2617 1788 2648 per
1810 2616 1915 2648 gram-

1435 2670 1475 2698 39
1498 2669 1511 2684 *
