2242 2976
539 236 600 269 DE
622 235 829 269 LITTERIS
855 234 1120 269 PHOENICIIS.
1163 237 1193 275 6.
1213 239 1265 268 24.
1297 235 1401 269 ΜΕΜ
1423 235 1631 269 LITTERA.
1851 239 1900 276 35

398 329 506 362 Maior
528 332 624 362 etiam
648 332 786 363 varietas
808 338 858 363 est
879 331 911 362 in
935 330 1098 362 inferioris
1120 331 1235 362 aetatis
1257 331 1413 373 scripturn
1432 338 1464 362 et
1485 331 1520 362 in
1541 328 1730 362 Numidica:

496 388 523 401 ΙΙ
606 387 637 403 12
727 388 755 404 13
852 388 884 404 ι.
989 388 1017 404 1⁵
1109 386 1140 402 16
1248 388 1277 402 17
1367 387 1395 402 18
1493 387 1522 403 1⁹
1648 386 1678 402 20

451 425 545 479 s
580 423 670 485 Α
691 429 781 522 f
851 431 923 492 s‘
953 423 1075 508 f
1096 438 1174 480 f
1228 416 1280 529 ]
1351 421 1390 526 J
1486 419 1506 523 Ι
1653 433 1676 486 ¹

271 540 385 573 undec.
408 548 440 573 et
461 544 557 576 duod.
580 543 644 576 vid.
668 524 736 576 Sid.
760 543 796 576 F.
820 543 863 576 H.
884 544 943 583 L.‚
972 542 1029 575 ubi
1051 543 1231 585 depressior
1252 541 1333 573 haee
1354 540 1460 584 figura
1481 542 1576 583 spatii
1598 541 1737 574 defectui
1767 539 1901 572 debetur

273 597 315 629 cf.
335 599 364 636 ξ.
384 601 434 631 10.
452 600 582 634 Numid.
604 603 624 632 6
649 600 709 632 lin.
725 604 764 638 43
788 604 866 632 tert.
881 600 950 632 dec.
965 598 1095 631 Numid.
1115 603 1148 637 4,
1172 601 1202 630 3.
1225 601 1257 638 7,
1281 601 1309 630 1.
1334 597 1455 640 Tripol.
1478 601 1509 637 2,
1531 602 1575 637 2.,
1600 610 1688 633 num.
1709 596 1825 629 Malae.
1848 596 1900 636 Η.,

274 660 380 696 quart.
394 656 463 689 dec.
478 657 599 700 Tripol.
613 661 645 696 2,
659 661 679 689 2
702 658 735 689 in
758 657 838 702 κύρ.
861 655 980 688 Malae.
995 654 1046 695 C.,
1069 659 1173 698 quint.
1189 655 1258 686 dec.
1279 653 1411 686 Numid.
1435 657 1463 693 1,
1487 657 1516 687 1.
1531 657 1562 686 2.
1587 661 1619 686 et
1641 656 1674 686 in
1699 655 1900 697 postscripto‚

271 714 310 750 2,
335 715 364 744 1.
388 716 420 745 2.
442 716 472 746 3.
495 717 534 750 3,
557 717 586 746 1.
610 715 639 746 2.
661 712 758 746 Num.
779 717 813 752 4,
837 717 869 745 2.
890 715 922 752 5,
947 715 975 744 1.
999 717 1087 744 text.
1111 711 1180 743 dec.
1203 710 1295 753 Trip.
1316 714 1348 749 2,
1372 712 1391 742 3
1413 711 1446 742 in
1469 711 1574 750 5:⁷22,
1599 722 1686 742 num.
1707 710 1810 742 Jubae
1832 721 1901 742 sen.

272 767 313 800 A.
338 767 377 800 Β.
400 770 433 802 C.
455 771 488 802 in
510 771 618 807 n=b72;
641 774 725 813 cept.
743 769 813 801 dec.
836 767 933 801 Num.
955 771 987 808 5,
1012 771 1053 807 1.‚
1076 779 1165 800 num.
1187 767 1306 799 Malao.
1323 767 1382 804 E.;
1405 771 1468 799 occ.
1491 767 1561 800 dec.
1585 766 1683 799 Num.
1705 771 1736 807 2,
1762 771 1792 799 1.
1815 769 1846 805 3,
1869 769 1899 798 1.

273 825 307 856 in
332 826 420 868 75⁷2,
444 837 530 858 num.
554 827 652 859 Vacc.
675 827 709 858 in
732 827 841 869 -npbm
872 836 946 858 non.
968 825 1035 857 dec.
1057 823 1188 856 Numid.
1213 827 1249 863 1,
1274 827 1293 855 2
1321 825 1355 855 in
1385 824 1464 863 obv,
1494 824 1574 856 ibid.
1595 822 1651 856 lin.
1674 827 1705 856 3.
1725 828 1747 856 4
1768 825 1802 856 in
1826 824 1899 862 55³,

273 878 403 914 Numid.
425 885 464 922 6,
491 886 510 915 3
534 884 567 915 in
591 885 649 922 ἓν,
673 886 736 915 vic.
760 881 858 915 Num.
881 886 921 922 2,
945 885 965 915 3
987 884 1021 914 in
1043 883 1121 919 5³2,
1144 885 1177 920 4,
1200 884 1219 912 2
1242 882 1276 912 in
1299 881 1419 925 Jbvizm.
1462 880 1527 912 Sed
1549 882 1589 912 de
1611 880 1663 913 his
1685 879 1901 923 negligentio-

271 937 361 969 ribus
381 938 505 982 figuris,
528 946 562 971 nt
578 951 631 971 no.
649 942 698 971 19.
715 941 766 979 20,
792 949 872 981 quae
895 939 936 970 ad
959 937 1223 980 tuchygraphiam
1241 931 1444 968 Numidicam
1466 938 1636 979 pertinent,
1660 944 1691 969 et
1704 936 1900 979 quarundam
1951 968 1955 972 ,

272 998 395 1026 tantum
416 995 625 1028 formularum
648 1001 741 1034 sunt,
770 995 823 1027 adi
845 994 931 1026 infra
951 996 978 1033 §-
1004 997 1060 1032 35,
1088 997 1119 1025 2.
1163 991 1275 1024 Plures
1299 998 1340 1025 ex
1365 992 1415 1024 his
1440 994 1504 1034 (no.
1530 993 1681 1036 17—20)
1704 994 1799 1024 etiam
1824 991 1899 1024 Nun

270 1059 342 1082 esse
364 1062 477 1093 posse,
507 1062 571 1083 non
594 1051 805 1087 ,concedimus
832 1057 972 1091 tantum,
1003 1051 1062 1082 sed
1092 1050 1172 1082 adeo
1194 1049 1346 1082 docemus
1367 1051 1409 1093 (v.
1428 1050 1513 1082 infra
1534 1051 1564 1088 ς’.
1587 1050 1657 1091 25):
1688 1050 1728 1081 de
1750 1048 1801 1081 his
1822 1058 1900 1080 vero

271 1113 303 1138 et
327 1107 366 1139 de
386 1114 453 1139 toto
475 1107 538 1139 hoc
560 1109 737 1150 scripturae
760 1118 878 1150 genere
900 1106 1107 1139 Hamakerus
1129 1117 1193 1138 non
1218 1105 1410 1149 disputabat.

441 1183 601 1223 „Plenior
622 1183 679 1216 illa
702 1184 806 1216 forma
827 1195 920 1215 crure
942 1182 1090 1226 longiore
1112 1189 1145 1214 et
1167 1183 1310 1215 eiusdem
1330 1194 1431 1226 paene
1451 1194 1522 1215 cum
1538 1182 1660 1213 femore
1678 1180 1899 1224 longitudinis,

355 1247 421 1279 „nt
441 1241 475 1272 in
498 1240 638 1272 hebraeo
662 1241 698 1279 b,
721 1241 849 1273 transiit
870 1241 909 1272 ad
930 1240 1138 1282 Palmyrenos
1168 1238 1337 1282 (Oxum),
1371 1241 1404 1272 in
1435 1240 1624 1282 scripturam
1654 1237 1900 1270 Sassanidarum

355 1305 419 1336 „et
441 1298 474 1328 in
498 1298 728 1339 quadratam.“

441 1352 607 1391 „Brevior
636 1352 694 1384 illa
723 1354 794 1384 sine
822 1363 933 1391 crure,
963 1358 998 1384 ut
1024 1352 1059 1383 in
1088 1351 1167 1395 figg.
1190 1352 1372 1395 Phoeniciis
1395 1355 1510 1391 6-9,
1541 1350 1705 1383 veteribus
1725 1350 1898 1390 Hebraeis,

355 1409 556 1449 „Arzimneis
585 1410 627 1440 in·
648 1408 796 1452 Aegypto
825 1408 1018 1451 (Carpent.)
1049 1414 1080 1439 et
1109 1408 1318 1440 Samaritanis
1346 1408 1476 1451 placuit.
1521 1407 1637 1439 Graeci
1664 1406 1747 1439 hane
1770 1408 1898 1450 quidem

356 1465 525 1505 „litteram
546 1467 762 1497 inverterunt:
794 1465 954 1508 siquidem
976 1466 1010 1496 in
1032 1466 1219 1508 retrograda
1239 1466 1397 1507 scriptura
1418 1475 1489 1496 eam
1512 1466 1647 1507 pingunt
1683 1462 1728 1511 -Ι
1738 1486 1748 1502 ,
1771 1465 1806 1495 ὶιι
1828 1462 1898 1495 vul-

355 1536 458 1589 „gari
480 1545 597 1579 graeca
623 1528 657 1583 ζ
673 1558 683 1575 ,
715 1536 801 1567 unde
828 1534 963 1566 latinum
991 1534 1065 1566 L.“

441 1606 523 1645 „Ex
545 1613 679 1648 utroque
703 1611 809 1637 autem
829 1605 1005 1637 formarum
1026 1615 1146 1648 genere
1175 1614 1269 1636 crure
1299 1600 1394 1645 plane
1417 1602 1593 1634 carentium
1615 1609 1766 1645 apparet,
1802 1612 1896 1644 quarn

353 1674 476 1702 „verus
491 1669 523 1694 et
536 1661 698 1704 legitimus
714 1654 756 1694 sit
772 1672 874 1694 canon
891 1673 987 1704 supra
1010 1663 1186 1704 expositus,
1210 1671 1272 1703 qno
1295 1660 1327 1691 in
1351 1659 1472 1691 femore
1495 1657 1653 1702 longiore,
1677 1669 1768 1690 crure
1791 1665 1898 1690 autem

354 1719 534 1759 „breviore
557 1717 609 1750 vel
632 1717 739 1757 nullo,
763 1719 922 1760 propriam
946 1724 977 1749 et
999 1716 1191 1760 peculiarem
1209 1716 1305 1749 huius
1322 1714 1447 1747 litterae
1464 1715 1605 1747 indolem
1623 1716 1711 1747 cerni
1730 1715 1884 1747 docetur.‘

441 1775 627 1814 „Leviores
646 1775 820 1816 scripturae
843 1775 1023 1806 numidicae
1046 1774 1169 1806 formae
1191 1784 1242 1805 no.
1259 1775 1396 1804 13--16
1419 1782 1482 1803 non
1501 1770 1633 1803 multum
1650 1778 1789 1804 mutatae
1805 1781 1897 1814 repe-

354 1833 510 1871 „riuntur
533 1832 566 1862 in
589 1830 805 1862 Blacassianis
827 1841 952 1873 quoque
977 1838 1008 1863 et
1028 1832 1061 1862 in
1085 1829 1285 1872 Palmyrenis
1307 1828 1471 1860 Romanis.
1483 1831 1506 1848 “

1025 1917 1136 1954 §.24.

861 1982 995 2015 Mem
1046 1984 1301 2016 littera.

395 2053 502 2084 Huius
523 2051 649 2083 litterae
673 2049 904 2092 pei-frequentis
926 2057 958 2082 et
978 2042 1073 2082 facile
1096 2050 1332 2092 dignoscendae
1352 2050 1385 2081 in
1409 2051 1568 2091 scriptura
1590 2049 1675 2080 bona
1697 2055 1728 2079 et
1751 2047 1894 2091 legitima

266 2111 329 2142 duo
359 2111 556 2152 potissimum
585 2117 705 2150 genera
734 2113 819 2138 sunt.
862 2105 971 2138 Unum
1001 2107 1096 2150 idque
1126 2107 1382 2149 antiquissimum
1407 2113 1439 2138 et
1466 2106 1560 2137 huius
1582 2105 1707 2138 litterae
1732 2107 1894 2147 proprium

266 2173 332 2205 est,
363 2167 395 2197 in
424 2177 486 2207 quo
514 2164 619 2196 media
645 2162 732 2194 linea
762 2163 882 2194 directa
908 2170 1122 2196 transversam
1144 2170 1250 2195 secat:
1288 2162 1444 2201 alterum,
1473 2163 1506 2194 in
1539 2174 1600 2205 quo
1629 2162 1765 2194 eandem
1793 2163 1893 2204 tangit

266 2229 408 2261 tantum,
433 2232 497 2253 non
522 2227 618 2252 secat.

394 2279 512 2310 Prioris
535 2276 663 2346 generis
686 2275 747 2306 hae
771 2281 845 2306 sunt
867 2273 1007 2348 figuzae:

583 2330 1580 2470 ᾞᾟᾙῇθθᾚπ

267 2490 410 2528 v.prz·m.
440 2494 473 2518 et
495 2499 558 2520 rec.
588 2486 650 2519 Cit.
674 2490 704 2520 3.
726 2490 758 2519 8.
781 2491 832 2518 21.
856 2489 909 2518 23.
938 2485 1044 2518 Melit.
1070 2489 1108 2524 3,
1129 2490 1160 2518 4.
1194 2496 1280 2517 num.
1312 2485 1380 2517 sid.
1410 2484 1451 2516 D.
1476 2485 1514 2517 G.
1539 2485 1579 2518 U.
1605 2485 1639 2516 X
1672 2483 1764 2515 Cilic.
1788 2482 1825 2514 A.
1849 2481 1887 2513 Β.

266 2539 304 2573 C.
326 2541 375 2573 D:
391 2542 429 2574 Ε.
451 2548 526 2576 tert.
550 2544 653 2576 Melit.
679 2547 692 2576 1
722 2551 754 2575 et
776 2547 805 2575 2.
831 2542 893 2575 Cit.
912 2546 942 2574 2.
964 2541 1073 2574 Carth.
1096 2543 1128 2574 5.
1153 2546 1181 2575 8.
1204 2546 1234 2574 9.
1259 2541 1378 2584 Tugg.,
1404 2552 1489 2573 num.
1514 2542 1663 2574 Panorm.
1686 2541 1720 2571 C.
1739 2539 1779 2570 D.
1795 2538 1835 2569 H.
1852 2538 1888 2570 L.

248 2591 333 2629 ’Sid.
356 2597 396 2630 A.
420 2598 457 2631 B.
479 2600 618 2633 Marath.
642 2599 770 2633 Heracl.
795 2599 833 2631 B.
859 2598 1019 2640 Motyens.
1043 2604 1151 2641 quart.
1175 2597 1278 2630 Melit.
1305 2601 1334 2629 1.
1360 2597 1478 2629 Athen.
1501 2601 1543 2635 2.,
1568 2607 1652 2628 num.
1676 2595 1825 2626 Panorrn.
1847 2593 1888 2630 A,

1455 2659 1472 2686 5
1493 2657 1506 2669 ἃ
1527 2667 1528 2671 1
