2242 2976
338 265 410 301 185
463 260 596 295 LIBER
611 259 854 293 SECUNDUS.
884 257 1219 292 INSCRIPTIONES
1236 257 1517 291 PHOENICIAE.
1548 258 1696 294 CAPUT
1712 246 1929 293 SEXTUM.'

336 357 570 388 Humbertiano
609 354 669 385 hoc
705 365 770 386 non
810 355 854 384 ita
889 352 1021 385 multum
1060 352 1193 392 differt,
1238 354 1382 396 adeoque
1419 353 1545 385 duobus
1581 355 1614 386 in
1650 353 1730 386 locis
1764 354 1956 398 autographi

338 415 526 453 scripturam
557 411 682 452 plenius
712 409 845 442 exhibet
873 409 951 451 (lin.
974 413 993 441 2
1023 420 1054 441 v.
1077 419 1099 443 te
1127 411 1161 441 in
1186 418 1328 449 numa-1,
1365 417 1398 442 et
1425 411 1596 452 praecipue
1622 409 1682 442 lin.
1707 412 1746 450 6,
1774 409 1832 442 ubi
1853 409 1957 442 solum

338 469 400 499 hoc
423 467 602 509 exemplum
627 465 752 509 plenam
772 467 958 509 scripturam
977 468 1082 510 νεὶ-ΝΞ
1099 468 1272 508 servavit).
1316 466 1361 498 Ut
1378 467 1481 498 dicam
1497 466 1580 509 quod
1598 467 1720 506 sentio,
1744 465 1959 505 Hmakerus,

339 531 503 566 postquam
528 524 746 565 interpretatio
770 530 890 554 tentata
913 523 977 554 sibi
1002 525 1062 565 ipsi
1083 523 1251 566 displicere
1274 530 1441 566 coeperat,
1476 521 1585 565 paullo
1608 523 1757 554 iniustius
1780 521 1903 564 culpam
1924 524 1958 554 in

335 579 555 622 apographum
585 578 665 611 illud
695 579 891 622 Borgianum
916 579 1091 611 contulisse
1113 581 1247 612 videtur.
1291 579 1407 612 Mutua
1428 581 1523 611 etiam
1547 580 1713 622 utriusque
1735 577 1877 620 exempli
1897 576 1962 610 alia

339 647 409 667 esse
436 635 531 667 debet
563 643 655 678 atque
685 647 741 675 ea,
781 647 875 679 quam
905 635 1109 668 Hamakerus
1133 637 1304 676 indicavit,
1343 648 1438 679 quum
1469 638 1556 679 prius
1580 634 1778 678 Borgianum
1799 632 1963 676 exemplar

338 692 462 723 duobus
491 693 523 723 in
554 691 634 723 locis
662 691 790 734 plenius
822 694 882 723 sit:
919 699 950 724 et
981 694 1088 724 nescio
1116 704 1156 724 an
1188 693 1250 725 hoc
1278 704 1320 725 ex
1343 692 1407 724 alia
1429 694 1564 735 quadam
1588 691 1727 734 Borgiae
1749 691 1962 732 descriptione

338 749 491 790 (quarum
514 748 650 780 sortasse
672 748 779 791 plures
801 749 940 790 fecerat)
962 748 1105 780 fluxerit.
1150 747 1295 792 Utroque
1319 757 1425 781 autem
1450 748 1546 792 longe
1562 747 1685 791 plenius
1703 755 1735 779 et
1750 747 1962 790 praestantius

339 812 389 836 est
417 805 649 847 Templimmm,
681 805 763 836 haud
788 816 887 847 pauca
909 804 1086 843 exhibens,
1116 816 1197 847 quae
1220 805 1358 849 Borgiae
1381 806 1482 837 aciem
1505 815 1637 848 prorsus
1660 804 1851 847 effugerant,
1877 801 1964 834 velut

341 860 372 903 1)
403 868 535 903 puncta,
574 861 688 904 quibus
719 860 845 904 singula
876 860 1030 893 vocabula
1061 862 1269 899 dirimuntur;
1306 864 1339 902 2)
1362 872 1475 894 versus
1497 864 1526 894 5.
1550 864 1580 893 6.
1602 864 1644 900 ⁷,
1681 861 1789 903 quiin
1814 856 1975 901 exemplo'

340 916 501 959 Borgiano
525 916 570 948 nil
591 919 653 949 nisi
675 917 806 949 lacunas
828 917 948 949 habent
970 926 1000 948 et
1022 917 1086 960 legi
1108 917 1200 960 plane
1224 929 1287 950 non
1309 926 1476 960 poterunt,
1509 917 1636 961 plenius
1658 916 1774 953 lecton
1807 915 1841 957 3)
1864 915 1959 946 etiam

340 974 371 1004 in
404 981 570 1004 stemmate
600 973 753 1005 nonnulla
783 974 880 1006 verba
910 973 1038 1016 plenius
1067 973 1150 1005 lecta
1178 985 1208 1006 v.
1240 986 1267 1006 c.
1295 974 1350 1005 lin.
1377 978 1396 1006 2
1418 981 1500 1006 extr.
1525 982 1705 1019 napa-129,
1739 972 1820 1016 quod
1844 980 1960 1003 nomen

340 1028 460 1072 Borgia
492 1032 630 1073 quinque
660 1029 776 1062 litteris
807 1042 863 1073 pro
894 1037 1015 1072 septem
1043 1030 1166 1062 scribit.
1230 1030 1421 1072 Quanquam
1459 1038 1570 1062 contra
1602 1031 1697 1061 ctiam
1734 1027 1970 1071 Templianunr

341 1085 522 1128 exemplum
547 1098 587 1118 ex
612 1085 731 1129 Borgia
755 1088 917 1126 emendari
943 1093 1063 1129 potest,
1087 1097 1115 1118 v.
1131 1098 1158 1118 c.
1181 1086 1238 1120 lin.
1256 1090 1270 1118 1
1297 1086 1350 1118 ubi
1365 1086 1531 1129 Templius
1549 1088 1636 1121 ²:5⁸7:
1652 1085 1749 1117 habet
1767 1096 1823 1128 pro
1838 1085 1961 1124 tabum,

339 1141 395 1173 lin.
411 1145 446 1180 3,
481 1142 535 1174 ubi
557 1143 640 1174 idem
662 1153 741 1184 *4:2³⁹oe
766 1155 821 1185 pro
845 1152 927 1182 nra,
956 1143 1012 1175 liu.
1030 1146 1069 1183 7,
1093 1143 1149 1174 ubi
1173 1142 1293 1186 Borgia
1315 1144 1479 1185 perspicue
1503 1142 1600 1175 habet
1623 1144 1706 1178 ξρετε)
1730 1149 1790 1173 cet.
1834 1139 1961 1172 Textus

341 1199 437 1240 igitur
459 1210 500 1230 ex
526 1206 657 1242 utroque
682 1199 737 1230 illo
761 1199 909 1242 exemplo
933 1199 1178 1242 diligentissime
1202 1201 1287 1231 inter
1309 1210 1344 1230 se
1367 1198 1483 1230 collato
1506 1205 1537 1230 et
1558 1198 1610 1230 hic
1627 1198 1693 1230 illic
1708 1196 1851 1229 adhibita
1865 1196 1962 1228 etiam

342 1253 447 1296 libyca
470 1257 676 1296 inscriptione
699 1256 791 1297 (vide
814 1257 842 1294 ς.
860 1256 902 1299 4)
924 1256 1162 1288 constituendus
1185 1263 1251 1294 est,
1285 1266 1348 1298 quo
1371 1257 1403 1287 in
1427 1256 1557 1299 negotio
1578 1256 1624 1286 ita
1646 1261 1792 1286 versatus
1813 1262 1901 1290 sum,
1927 1257 1963 1282 ut

340 1310 522 1352 exemplum
553 1310 776 1353 Templianum
810 1323 864 1354 pro
896 1312 1102 1344 fundamento
1131 1323 1283 1354 ponerem
1313 1319 1344 1344 et
1373 1322 1413 1343 ex
1437 1311 1493 1343 illo
1517 1311 1653 1343 subinde
1677 1316 1708 1342 et
1728 1307 1909 1352 supplerem
1931 1313 1964 1340 et

342 1364 556 1398 emendarem.
616 1366 689 1405 Qua
720 1368 759 1399 de
789 1379 823 1400 re
854 1376 889 1400 ut
918 1370 978 1411 ipsi
1007 1368 1143 1400 lectores
1174 1369 1315 1400 iudicare
1346 1369 1488 1411 possint,
1532 1370 1564 1400 in
1598 1367 1663 1399 tab.
1694 1369 1735 1398 20
1765 1373 1799 1398 et
1829 1364 1964 1408 Bargia-

343 1422 612 1455 Ilumbertianum
643 1424 723 1466 (litt.
746 1424 794 1466 A)
825 1433 857 1456 et
884 1423 1109 1467 Templianum
1139 1424 1219 1467 (litt.
1242 1424 1288 1466 B)
1318 1424 1500 1467 exemplum
1529 1423 1681 1463 exhibui,
1720 1422 1834 1466 quibus
1855 1420 1963 1453 addidi

341 1480 470 1510 tertium
500 1491 519 1510 a
548 1491 598 1510 me
630 1481 831 1513 emendatum
854 1489 887 1513 et
911 1480 1106 1523 suppletum:
1137 1492 1199 1523 quo
1223 1492 1346 1513 mecum
1370 1488 1499 1513 utantur
1521 1482 1582 1512 viri
1604 1481 1706 1519 docti,
1735 1480 1837 1512 donec
1859 1478 1962 1520 ipsius

342 1542 488 1577 ectypum
513 1536 552 1566 ad
576 1547 633 1567 nos
656 1539 858 1578 pervenerit,
896 1539 985 1569 cuius
1016 1539 1062 1568 rei
1090 1548 1162 1580 spes
1195 1537 1273 1569 mihi
1305 1539 1337 1568 in
1361 1537 1481 1580 Anglia
1504 1537 1588 1569 sacta
1609 1544 1658 1568 est
1681 1538 1825 1579 quodque
1847 1533 1960 1576 cupide

342 1599 510 1633 exspecto,
549 1603 611 1623 nou
651 1594 823 1635 desperans
859 1593 947 1632 sore,
988 1600 1021 1625 ut
1057 1592 1108 1624 vel
1138 1604 1202 1625 una
1236 1592 1286 1624 vel
1319 1592 1421 1625 altera
1449 1594 1700 1625 coniecturarum
1733 1601 1876 1623 mearum
1903 1587 1960 1621 illo

341 1648 484 1689 inspecto
506 1647 723 1680 confirmetur.

469 1729 520 1761 Ad
552 1729 832 1773 palaeographiam
861 1732 944 1774 quod
975 1732 1111 1769 attinet,
1155 1730 1263 1773 plures
1292 1720 1443 1769 litterae,
1486 1730 1668 1774 ubicunque
1697 1738 1890 1772 occurrunt,
1925 1734 1959 1765 in
1996 1718 1998 1721 ξ

341 1785 482 1828 Templii
518 1786 665 1828 exemplo
701 1786 793 1818 aliter
833 1789 1006 1830 pinguntur
1045 1795 1139 1830 atque
1163 1788 1209 1818 vin
1245 1786 1437 1829 Bergium,
1488 1786 1576 1818 velut
1619 1787 1679 1819 Tel
1717 1789 1804 1820 intus
1841 1788 1962 1832 duplici

340 1842 446 1885 figura
468 1850 632 1881 ornatum,
661 1842 729 1874 Jod
756 1844 859 1875 maius
888 1850 921 1875 et
944 1851 1060 1887 puncto
1090 1844 1265 1883 munitum,
1301 1843 1388 1876 Beth
1420 1850 1454 1875 et
1482 1843 1589 1875 Ite-ch
1619 1855 1682 1876 non
1712 1845 1901 1887 imperfecta
1928 1852 1960 1878 et

342 1909 362 1929 a
401 1898 515 1929 dextra
549 1906 680 1939 aperta,
724 1900 780 1931 sed
814 1899 910 1931 lineis
944 1901 1026 1932 adeo
1065 1899 1322 1940 abundantibus,
1370 1900 1496 1932 Lamed
1528 1907 1562 1931 et
1600 1899 1669 1932 Tau
1700 1911 1840 1944 superne
1875 1912 1958 1935 unco

342 1956 499 1986 munitum
533 1955 588 1995 (ut
617 1955 649 1985 in
682 1954 743 1986 Cit.
768 1959 786 1986 2
818 1955 873 1987 lin.
898 1960 928 1988 2.
953 1956 1005 1997 3).
1051 1956 1115 1987 Sed
1144 1958 1239 1988 etiam
1271 1955 1330 1988 hac
1360 1957 1392 1988 in
1417 1961 1452 1988 re
1475 1955 1657 1999 Templiaui
1682 1956 1839 1999 exempli,
1868 1945 1959 1991 cuius

341 2011 465 2053 figurae
491 2012 523 2041 in
548 2012 730 2042 universum
754 2010 916 2052 pleniores
939 2019 1027 2050 sunt,
1059 2013 1160 2043 maior
1182 2013 1263 2054 apud
1288 2023 1338 2044 me
1362 2011 1444 2049 fides
1467 2020 1533 2052 est,
1565 2024 1659 2055 quam
1674 2011 1838 2056 Bergium,
1862 2025 1958 2056 quum

342 2068 419 2099 satis
443 2066 606 2109 probabile
627 2067 684 2105 sit,
720 2067 802 2098 hanc
823 2067 952 2099 illamve
974 2067 1092 2099 lineam
1114 2067 1254 2110 Borgiae
1275 2070 1377 2100 aciem
1400 2069 1571 2112 effugisse,
1608 2076 1718 2101 contra
1739 2070 1872 2112 cogitari
1893 2081 1957 2102 non

340 2125 459 2166 possit,
488 2121 670 2164 Templium
694 2123 752 2163 (de
775 2125 866 2155 cuius
887 2123 1054 2167 diligentia
1078 2131 1109 2155 et
1130 2123 1194 2155 fide
1217 2126 1312 2157 etiam
1334 2124 1463 2157 aliunde
1486 2125 1629 2167 constat)
1659 2125 1754 2158 huius
1781 2126 1958 2169 scripturae

342 2191 405 2212 non
436 2180 571 2222 peritum
601 2178 721 2220 aliquid
751 2190 792 2212 ex
820 2182 951 2224 ingenio
981 2180 1154 2212 addidisse.
1206 2180 1376 2213 Praeterea
1404 2183 1438 2214 in
1468 2181 1540 2214 aliis
1567 2181 1663 2214 rebus
1695 2182 1832 2214 eximius
1862 2189 1957 2226 atque

340 2246 511 2279 laudabilis
534 2253 581 2277 est
611 2247 774 2288 utriusque
805 2247 943 2291 exempli
972 2258 1158 2280 consensus.
1208 2247 1400 2292 Ubicunque
1421 2251 1507 2282 enim
1529 2250 1562 2281 in
1585 2260 1649 2281 uno
1668 2248 1819 2281 scribitur
1840 2239 1925 2292 Ἣ
1941 2275 1955 2300 9

340 2332 435 2363 etiarn
467 2332 499 2362 in
531 2330 631 2362 altero
660 2331 704 2361 ita
726 2332 901 2373 reperitur,
938 2331 1119 2375 ubicunque
1149 2332 1269 2376 Borgia
1297 2333 1395 2366 habet
1435 2320 1492 2393 ‘q
1511 2356 1521 2374 ,
1561 2333 1646 2365 idem
1667 2332 1750 2375 apud
1772 2331 1956 2376 Templium

339 2417 464 2450 quoque
499 2408 660 2438 invenias:
698 2417 759 2449 qua
793 2416 827 2437 re
859 2413 890 2437 et
922 2405 1071 2440 lectionis
1101 2416 1133 2441 et
1162 2410 1434 2452 interpretationis
1469 2408 1550 2442 fides
1581 2409 1733 2441 maiorem
1762 2410 1796 2440 in
1825 2410 1955 2442 modum

340 2463 557 2496 confirmatur.

463 2544 514 2577 De
544 2545 746 2588 nugularum
772 2545 958 2576 litterarum
985 2549 1155 2587 potestate
1185 2543 1383 2587 definienda,
1421 2546 1506 2579 unde
1535 2549 1636 2578 omnic
1665 2543 1827 2590 dependet
1848 2551 1955 2581 inter-

332 2606 499 2643 pretatio,
536 2602 611 2645 quid
641 2601 734 2634 nobis
768 2601 932 2640 videatur,
962 2602 995 2632 in
1018 2599 1155 2643 duplici,
1187 2612 1280 2644 quam
1304 2602 1367 2635 tab.
1392 2605 1433 2635 20
1454 2603 1616 2643 dedimus,
1644 2602 1821 2636 litterarum
1846 2604 1954 2637 tabula
