2242 2976
470 266 477 273 »
539 247 605 281 DE·
623 246 831 280 LITTERIS
853 246 1119 281 PHOENICIIS.
1163 250 1190 287 §.
1216 218 1264 280 16.
1298 247 1360 280 HE
1382 247 1589 281 LITTERA.
1643 268 1656 285 ·‚
1699 259 1705 286 j
1729 283 1731 286 ,
1833 252 1881 296 25

417 341 569 385 „Figura
584 353 636 374 no.
657 345 696 374 14
716 343 821 385 capite
839 352 977 384 superne
993 348 1103 383 aperto
1119 343 1247 374 transiit
1268 343 1302 374 in
1318 343 1505 385 scripturam
1520 353 1702 375 aramaeam
1714 345 1883 386 aegyptia—

286 416 287 419 =
329 400 432 438 ‚“‚cam
455 405 487 430 et
508 398 750 440 Palmyrenam,
773 410 815 431 ex
838 398 1074 441 qua-deinceps
1097 405 1167 430 orta
1189 405 1239 430 est
1259 409 1315 438 ea,
1339 410 1420 441 quae
1444 400 1479 431 in
1495 398 1732 439 Blacassianis,
1755 399 1882 442 Palmy-

328 457 449 495 „renis
470 454 647 501 Romanis,
671 462 704 487 et
725 457 758 488 in
780 454 943 493 Quadrata
965 455 1129 497 Scriptura
1153 461 1213 487 est.
1226 457 1249 474 “

408 512 588 555 „Figuram
603 511 886 555 taehygraphieam
901 522 952 548 no.
967 514 1009 544 15
1032 511 1301 554 deprehendimus
1316 512 1413 543 etiam
1430 513 1590 555 scriptura
1605 512 1880 546 Samaritanorum

329 570 501 609 „cursivaz
534 580 598 600 non
628 570 719 612 quasi
750 568 943 600 Samaritani
970 566 1060 599 illam
1092 568 1132 614 ab
1161 569 1242 610 ipsis
1265 568 1482 600 Phoenicibus
1504 568 1660 612 Hispanis
1684 571 1878 613 acceperint,

330 625 420 665 „sed
436 625 526 668 qnod
546 632 578 657 et
599 624 713 657 horum
737 629 771 656 et·
789 622 918 656 illoruni
941 611 1153 667 tachygraphi
1182 626 1216 656 in
1242 625 1379 657 eandem
1405 623 1502 657 huius
1530 625 1656 658 litterae
1679 626 1826 681 celeriter
1847 634 1880 659 et

330 692 425 722 „uno
447 682 543 732 ductu
565 682 755 738 pingendae
768 682 925 713 rationem
945 679 1140 734 incidebant.
1153 684 1176 701 “

995 775 1038 813 ξ.
1061 776 1111 806 16.

873 842 950 874 He
993 843 1248 874 littera.

371 909 422 942 De
447 919 553 954 etymo
577 912 718 944 nominis
742 910 788 943 nil
811 910 943 943 definio.
988 909 1146 942 Primaria
1168 916 1276 942 autem
1308 917 1341 942 et
1372 911 1479 942 nativa
1500 910 1625 943 litterae
1647 911 1752 956 figura
1775 921 1823 945 est

889 954 1264 1116 331)

240 1109 349 1151 paucis
371 1107 501 1140 mutatis
523 1107 557 1138 in
580 1105 689 1139 inultis
710 1108 926 1140 monumentis
950 1106 1064 1147 obvia,
1098 1109 1143 1139 ita
1166 1109 1300 1150 quidem
1316 1112 1351 1138 ut
1373 1106 1505 1139 brachia
1527 1109 1597 1140 sive
1617 1116 1724 1140 costae
1742 1109 1794 1141 hic
1807 1109 1875 1142 illic

240 1176 369 1208 scapum
389 1175 454 1196 non
476 1170 610 1207 tangant
632 1165 741 1206 (prim.
769 1163 890 1196 Athen.
914 1168 943 1196 1.
969 1167 999 1196 3.
1036 1161 1167 1196 Marsal.
1200 1164 1293 1196 Sard.
1328 1163 1385 1195 lin.
1417 1167 1447 1196 2.
1478 1168 1507 1196 4.
1546 1164 1653 1208 Tugg.
1681 1169 1710 1197 2.
1743 1165 1873 1199 Numid

240 1221 387 1253 Panorm.
418 1220 458 1253 G.
490 1219 571 1253 Gad.
605 1219 641 1252 B.
673 1219 698 1252 l.
729 1220 772 1254 K.
795 1221 851 1253 M.
886 1218 990 1253 Jubae
1020 1222 1154 1253 secundi
1184 1220 1220 1252 C.
1260 1219 1370 1252 Carth.
1400 1223 1430 1253 9.
1483 1232 1545 1254 sec.
1575 1221 1740 1255 Carths8.
1795 1228 1872 1256 tert.

242 1276 351 1310 Carth.
373 1280 403 1310 3.
418 1279 469 1319 5),
492 1288 566 1309 raro
589 1277 673 1309 binis
694 1276 817 1309 tantum
839 1277 981 1335 brachiis
1005 1278 1143 1338 costis⁵ve
1159 1279 1316 1310 instructa

939 1363 983 1436 ²1
1083 1367 1123 1443 ἦ

240 1475 362 1516 (quart.
386 1483 417 1504 v.
436 1468 527 1505 Cilic.
544 1472 585 1505 A.
611 1476 712 1515 quim.
737 1474 771 1505 in
794 1484 894 1522 numo
913 1473 1018 1506 Jubae
1041 1473 1174 1507 secundi
1195 1472 1236 1505 A.
1259 1472 1316 1512 B).
1361 1471 1449 1505 Male
1471 1474 1592 1532 pictae,
1613 1473 1670 1508 sed
1685 1484 1748 1509 non
1764 1475 1870 1506 minus

240 1536 345 1561 certae
367 1528 420 1561 He
440 1528 567 1562 litterae
589 1536 664 1561 sunt
730 1572 733 1575 y

239 1730 340 1767 (sext.
364 1725 426 1758 Cit.
449 1729 505 1766 10,
529 1730 559 1759 3.
590 1731 672 1769 sept.
695 1727 789 1768 Eryc-
812 1727 864 1768 4),
887 1738 1020 1769 quarum
1041 1728 1179 1769 priorem
1202 1725 1369 1769 Koppius‚
1399 1727 1512 1758 nescio
1534 1737 1596 1769 qua
1617 1726 1770 1769 libidine,
1803 1730 1870 1762 Phe

238 1793 309 1815 esse
332 1782 481 1825 putabat,
514 1784 659 1825 adeoque
683 1784 715 1814 in
742 1782 945 1825 alphabetum
968 1785 1153 1827 recipiebat.
1200 1782 1371 1826 Singulare
1393 1781 1474 1815 illud
1497 1789 1529 1814 et
1551 1784 1714 1818 nonnullis
1737 1786 1868 1819 dubium

238 1841 342 1871 visum
366 1840 400 1871 in
418 1838 522 1871 Melit.
548 1843 567 1871 2
589 1838 646 1871 lin.
670 1843 689 1871 2
722 1838 816 1871 huius
838 1839 961 1883 figurae

1041 1884 1052 1900 s

1011 1937 1080 1988 m

235 2044 278 2065 ex
298 2032 355 2078 fig.
377 2036 398 2066 3
420 2042 454 2067 et
477 2039 495 2068 5
518 2036 632 2068 eodem
655 2035 751 2068 modo
774 2042 879 2069 ortum
901 2043 965 2076 est,
981 2044 1084 2081 atque
1106 2048 1258 2080 graecum
1284 2006 1328 2087 Ε
1362 2023 1405 2069 eir
1426 2039 1462 2069 E.

361 2117 393 2150 A
414 2120 642 2165 tachygraphis
665 2121 802 2164 denique
824 2121 947 2154 effictae
970 2124 1077 2155 variae
1079 2123 1310 2183 ¹formaeuuno
1334 2122 1449 2155 calami
1470 2123 1566 2155 ductu
1590 2125 1770 2168 pingendae
1799 2127 1801 2131 ’
1847 2137 1849 2139 ·

798 2201 1256 2284 “1333

235 2317 319 2356 (non.
342 2317 410 2348 dec.
435 2315 497 2348 Cit.
522 2320 577 2355 15,
601 2321 631 2350 3.
655 2321 713 2358 29,
738 2322 768 2351 3.
801 2331 889 2351 num.
913 2318 1005 2352 Cilic.
1030 2319 1068 2352 G.
1097 2321 1211 2352 nndec.
1237 2320 1296 2353 Cit.
1322 2323 1359 2359 3,
1382 2324 1409 2352 2.
1434 2324 1482 2352 11.
1512 2321 1608 2352 duod.
1632 2320 1739 2365 Tugg.
1762 2321 1818 2354 lin.
1843 2325 1861 2354 3

234 2370 331 2415 Borg.
354 2371 410 2405 lin.
434 2376 453 2405 5
477 2373 634 2416 Templ.),
658 2386 739 2417 quae
760 2375 908 2407 similiter
929 2377 962 2408 in
986 2375 1046 2408 Jod
1075 2376 1184 2408 littera
1213 2384 1401 2416 occurrunt,
1439 2378 1502 2409 nisi
1522 2378 1605 2420 quod
1628 2376 1735 2410 Jodim
1759 2389 1860 2420 prona

233 2428 354 2467 iacent,
376 2428 438 2461 hae
458 2429 580 2473 figurae
603 2442 703 2473 paene
729 2438 858 2464 erectae
881 2439 982 2464 stant:
1018 2433 1161 2465 Litterae
1182 2433 1244 2466 Jod
1267 2433 1451 2477 persimile',
1473 2435 1529 2466 sed
1553 2435 1675 2473 maius,
1695 2442 1744 2466 est
1766 2434 1817 2465 He

995 2508 1060 2568 p.

233 2605 364 2638 Numid.
393 2609 412 2639 5
442 2606 498 2640 lin.
529 2612 548 2640 2
586 2611 639 2650 (in
669 2611 781 2652 ’ΞΕ-ι).
835 2611 864 2642 A
894 2610 999 2643 littera
1029 2611 1112 2643 Chet
1142 2614 1285 2644 desumta
1315 2619 1363 2644 est
1395 2613 1473 2643 haec
1501 2611 1604 2654 figura
1647 2594 1724 2668 Η
1797 2596 1846 2663 Η

1451 2700 1470 2725 4
