2242 2976
365 240 483 276 NUMI
506 238 656 272 PUNICI
676 237 894 272 AFRICANI.
937 238 979 272 A.
1001 237 1117 271 NUMI
1139 237 1310 271 REGUM.
1355 239 1436 271 ΧΧ.
1460 237 1566 271 lUBA
1589 236 1744 270 MAIOR.
1818 241 1892 277 315

272 338 391 375 ιιιιιίοι,
426 346 506 378 quae
530 335 682 366 tredecim
705 333 820 379 litteris
842 339 967 365 constat
989 333 1050 365 ita:

861 413 993 474 men
1025 424 1080 462 m
1112 426 1155 459 ψ
1187 425 1297 459 :sun

529 493 611 530 eius
637 491 707 543 qui
728 491 855 527 erexit
877 491 1035 527 ruinam
1067 490 1172 527 altae
1202 491 1301 526 sedis
1326 490 1485 540 imperii
1508 492 1636 528 nostri

269 594 290 624 i.
314 602 343 623 e.
373 590 598 634 metropoleos.
651 589 745 628 Quod
776 590 808 620 in
840 590 948 631 priore
977 587 1152 631 epigraphe
1181 596 1228 620 est
1257 599 1317 622 ιω
1345 590 1468 632 (2:5³),
1495 591 1527 620 in
1556 591 1735 632 posteriore
1767 589 1891 632 plenius

268 649 400 681 effertur
421 657 508 681 :xm
531 649 667 694 (az-3122)
689 647 866 689 praemisso
889 645 988 677 Schin
1010 644 1172 687 praefixo:
1201 655 1232 677 ’φ
1254 650 1353 678 ruina
1374 647 1407 677 in
1430 646 1613 678 Phoeniciis
1636 646 1766 678 obvium
1791 647 1886 687 (vide

270 706 377 746 ind.):
413 706 503 739 ηυξ),
528 712 571 738 ειη
593 703 704 752 (rugi-2⁷2
726 703 787 749 ιη)
810 709 843 733 et
864 703 970 745 3¹²²¹2⁷²
995 709 1039 735 nu
1065 702 1204 750 (ηιῃρξις
1229 704 1290 748 οη)
1319 714 1363 745 pr.
1388 703 1551 734 excelsum
1574 706 1708 744 imperii
1732 703 1792 744 (cf.
1817 711 1895 750 εἰη

269 761 400 794 excelsa
428 761 512 794 coeli
547 760 596 792 Ps-
620 762 674 798 ⁷8,
698 762 759 801 60)
791 770 816 790 s.
840 760 911 791 alea
932 759 1026 791 sedeo
1047 762 1182 800 imperii
1201 758 1313 790 urbem
1334 761 1456 802 regiam
1479 759 1499 790 i.
1522 770 1550 790 e.
1575 758 1698 790 Cirtam
1722 761 1892 802 designare

271 819 413 857 videtur,
449 817 560 849 urbem
584 818 832 848 munitissimam
853 826 925 847 cum
953 826 1027 846 arce
1058 816 1092 846 in
1125 816 1194 846 loco
1230 816 1319 847 edito
1350 822 1544 847 exstructam
1576 819 1628 858 (v.
1652 816 1768 847 Strabo
1791 816 1892 848 XVII

270 886 299 917 p.
313 878 405 907 1188.
426 874 579 907 Mannert
600 873 646 912 X,
668 876 688 905 2
711 884 741 915 p.
764 873 864 914 311):
896 883 1095 915 quanquam,
1120 879 1153 903 ut
1167 873 1246 904 satis
1262 878 1405 911 constat,
1435 873 1563 913 imperii
1583 873 1676 904 sedes
1700 871 1765 905 alta
1785 875 1892 905 vocari

272 938 407 974 poterat,
439 930 515 962 licet
537 932 570 961 in
594 929 725 972 planitie
747 929 842 970 sita(
852 939 881 960 v.
906 927 984 962 Chr.
1010 928 1045 959 B.
1068 927 1239 960 Michaelis
1262 929 1301 960 de
1325 935 1390 959 not.
1409 929 1516 970 superi
1539 936 1569 959 et
1585 928 1682 959 inferi
1704 931 1731 967 ξ.
1748 932 1788 960 36
1802 941 1857 972 sqq
1870 932 1893 971 ).

271 988 408 1030 Saepius
439 987 566 1029 quidem
594 988 626 1018 in
650 993 789 1017 mentem
813 986 922 1022 venit,
957 995 1016 1025 pro
1038 985 1128 1018 17:5⁷2
1154 992 1198 1018 ῦἾ
1221 984 1334 1017 melius
1357 984 1493 1017 fortasse
1515 983 1579 1026 legi
1603 986 1694 1019 17an
1720 995 1770 1020 τιν-ι
1794 990 1894 1028 caput

272 1046 423 1087 inperii,
452 1043 535 1084 quod
558 1042 598 1073 ad
621 1052 688 1073 rem
711 1041 983 1072 accommodatius
1005 1041 1101 1071 etiam
1123 1048 1226 1078 esset,
1257 1047 1288 1072 et
1310 1042 1342 1071 in
1354 1028 1421 1072 boc
1436 1041 1611 1081 scripturae
1628 1053 1746 1083 genere
1760 1042 1896 1074 fortasse

273 1100 489 1133 excusandum
519 1098 649 1130 fuisset:
686 1097 743 1128 sed
771 1096 877 1128 obstat
904 1107 982 1128 sane
1013 1095 1088 1128 huic
1117 1098 1341 1135 coniecturae,
1366 1096 1466 1137 >quod
1499 1106 1524 1129 ιιι
1555 1097 1677 1128 initiale
1706 1097 1771 1130 alio
1801 1099 1896 1130 modo

273 1156 431 1199 sculptum
459 1161 524 1187 est:
560 1154 775 1185 abiiciendum
812 1163 956 1195 quoque,
995 1154 1078 1195 quod
1115 1154 1148 1184 in
1181 1154 1327 1185 exercitt.
1362 1152 1385 1185 l.
1417 1163 1444 1186 c.
1472 1153 1564 1186 17an
1597 1162 1640 1186 ῦἾ
1672 1156 1898 1196 interpretatus

274 1223 360 1245 sum:
384 1215 554 1254 imperium
575 1211 773 1247 Romanurn,-
809 1209 841 1239 id
865 1210 950 1239 enim
974 1209 1094 1240 Punice
1117 1208 1295 1251 appellatur
1318 1216 1362 1242 ΕΠ
1387 1209 1477 1244 17sz
1501 1210 1552 1250 (v.
1576 1210 1672 1241 inscr.
1697 1209 1821 1253 Tripol.
1848 1212 1897 1252 1).

274 1268 388 1312 Neque
416 1269 495 1301 ferri
523 1274 627 1310 potest
653 1265 844 1307 Lindbergii
870 1267 1048 1304 sententia,
1078 1266 1132 1307 qui
1152 1266 1243 1301 κιών)
1268 1273 1308 1300 τιή
1332 1275 1482 1307 magnum
1503 1276 1641 1307 regnum
1662 1268 1897 1308 interpretatur,

275 1326 462 1358 Numidiam
484 1325 540 1366 (ut
562 1324 686 1355 videtur
695 1323 714 1365 )-
728 1321 923 1364 intelligens.

405 1415 513 1454 Quare
535 1422 646 1446 autem
664 1412 747 1444 Iuba
767 1412 784 1443 I
807 1412 867 1453 (ad
890 1411 975 1443 hunc
997 1413 1082 1443 enim
1107 1423 1146 1444 ea
1167 1412 1267 1444 verba
1288 1413 1459 1445 manifesto
1482 1412 1653 1446 referenda
1675 1412 1768 1453 sunt)
1792 1411 1902 1455 appel-

276 1473 361 1505 latur
391 1475 566 1504 restitutor
587 1468 820 1512 metropoleon
859 1468 1069 1510 Respondeo,
1105 1469 1138 1500 id
1168 1468 1253 1500 tituli
1275 1480 1294 1500 a
1315 1469 1440 1501 civibus
1462 1470 1494 1502 ei
1516 1470 1623 1501 datum
1647 1468 1748 1500 videri
1771 1476 1901 1510 propter

277 1527 480 1571 metropolin,
500 1538 579 1570 quae
602 1526 642 1558 ab
660 1525 806 1557 hostibus
822 1531 946 1556 vastata
961 1532 1047 1563 erat,
1070 1536 1089 1555 a
1105 1536 1141 1556 se
1157 1526 1368 1559 instauratam
1384 1526 1539 1569 novisque
1559 1524 1715 1557 aedificiis
1730 1532 1854 1556 auctam
1872 1531 1904 1556 et

278 1593 436 1624 ornatam,
459 1594 639 1628 quanquam
662 1583 701 1614 de
724 1580 780 1613 tali
802 1582 911 1623 regiae
934 1581 1023 1612 urbis
1046 1582 1277 1613 instauratione
1300 1593 1320 1612 a
1340 1581 1419 1613 Iuba
1436 1581 1582 1625 profecta
1605 1581 1783 1623 (Micipsae
1797 1580 1902 1614 simile

279 1643 428 1677 meritum
444 1639 554 1672 tribuit
569 1639 685 1671 Strabo
699 1637 718 1669 l.
729 1638 769 1679 c.)
784 1636 865 1668 nihil
881 1638 1055 1668 memoriae
1072 1638 1232 1679 proditum
1248 1645 1306 1669 est.
1346 1637 1452 1676 Quum
1470 1640 1555 1670 enim
1573 1645 1646 1670 ante
1660 1636 1856 1679 Hiempsalis
1873 1637 1903 1671 11

279 1706 415 1731 mortem
439 1699 472 1728 in
494 1695 581 1728 bello
604 1706 675 1727 cum
697 1694 841 1726 Domitio
863 1701 895 1724 et
917 1693 1011 1724 Iarba
1033 1702 1123 1736 gesto
1147 1696 1296 1726 universa
1318 1693 1471 1726 Numidia
1491 1687 1611 1726 eximie
1627 1695 1791 1725 devastata
1808 1701 1903 1732 esset,

281 1755 452 1786 admodum
475 1751 627 1784 credibile
651 1758 715 1786 est,
744 1749 868 1788 Iubam,
891 1750 1016 1791 imperii
1041 1751 1134 1782 novis
1157 1752 1362 1782 incrementis
1378 1752 1460 1782 aucti
1475 1751 1644 1789 heredem,
1667 1761 1746 1793 pace
1760 1751 1906 1783 restituta

282 1812 323 1843 ad
344 1812 453 1842 ruinas
469 1810 576 1851 regiae
595 1800 821 1838 instaurandas
837 1816 872 1837 se
891 1808 1087 1837 convertisse
1110 1813 1141 1837 et
1157 1808 1231 1838 inde
1249 1807 1310 1839 hoc
1327 1818 1503 1850 cognomen
1519 1808 1666 1838 traxisse.
1712 1806 1746 1837 si
1762 1808 1832 1850 quis
1847 1806 1906 1837 hos

283 1877 408 1910 quoque
423 1876 536 1897 numos
551 1865 667 1896 minori
681 1862 781 1894 Iubae
798 1861 939 1893 tribuere
955 1861 1040 1900 velit,
1064 1864 1092 1893 is
1110 1861 1220 1894 urbem
1238 1862 1291 1894 Jol
1306 1862 1486 1906 intelligere
1502 1864 1613 1905 possit,
1637 1874 1730 1905 quam
1746 1874 1763 1894 a
1781 1862 1861 1894 Iuba
1876 1862 1907 1894 11

284 1930 409 1955 auctam
431 1929 463 1953 et
486 1929 630 1953 ornatam
653 1930 723 1951 esse
746 1920 883 1950 scimus:
913 1919 967 1949 sed
995 1918 1098 1950 obstat
1123 1927 1216 1961 caput
1237 1921 1326 1962 regis
1347 1918 1428 1951 bene
1444 1926 1622 1958 comatum,
1654 1930 1748 1962 quum
1763 1918 1861 1950 Iubae
1878 1918 1908 1950 11

285 1980 385 2022 paene
407 1978 530 2010 calvum
555 1979 615 2015 sit,
646 1977 793 2018 regisque
818 1974 923 2005 vultus
946 1974 986 2005 ab
1009 1973 1066 2006 illo
1089 1976 1245 2007 diversus.

412 2069 510 2101 Iubae
533 2068 664 2098 maioris
688 2073 793 2113 autem
819 2067 913 2096 etiam
937 2065 989 2096 hic
1012 2064 1129 2107 Bayeri
1151 2077 1266 2097 numus
1299 2066 1381 2107 (tab.
1404 2069 1435 2105 3,
1467 2077 1518 2098 no.
1543 2069 1563 2098 7
1594 2067 1643 2097 ed.
1667 2066 1787 2108 germ.)
1812 2065 1907 2108 longe

285 2128 468 2159 rarissimus
490 2135 562 2156 esse
585 2124 727 2154 videtur:

418 2216 526 2258 Caput
546 2217 638 2256 regis
661 2212 797 2255 (lubae)
814 2212 938 2243 modice
953 2211 1133 2251 barbatum,
1156 2213 1335 2254 galeatum,
1353 2213 1398 2244 ad
1411 2216 1587 2245 sinistram.
1633 2213 1720 2244 Pone
1735 2212 1907 2254 epigraphe

289 2274 415 2307 naban.
442 2274 469 2314 )(
501 2271 600 2303 Intra
626 2279 776 2301 coronam
799 2279 879 2307 uva,
908 2276 939 2299 et
961 2267 1087 2299 litterae
1110 2268 1313 2300 Phoeniciae.
1358 2268 1443 2301 Vide
1466 2268 1527 2301 litt.
1550 2268 1590 2301 D.

412 2362 465 2395 De
496 2360 670 2404 epigraphe
698 2361 823 2391 anticae
854 2370 917 2390 non
947 2359 1078 2398 dubito,
1114 2361 1188 2401 quin
1219 2360 1260 2392 ab
1288 2361 1380 2392 initio
1412 2370 1432 2394 Ἶ
1464 2354 1648 2398 evanuerit,
1684 2366 1716 2390 et
1737 2358 1907 2402 legendum

291 2422 333 2451 sit
344 2420 436 2452 nzbn
452 2428 518 2458 ῦ-ι,
541 2426 574 2450 ut
590 2419 623 2449 in
636 2416 710 2448 aliis
726 2416 820 2448 huius
837 2417 933 2458 regis.
965 2416 1107 2448 Litterae
1123 2418 1266 2458 posticae
1280 2423 1387 2448 autem
1402 2418 1458 2454 ita,
1478 2425 1512 2449 ut
1527 2428 1546 2447 a
1560 2415 1686 2456 Bayero
1704 2417 1806 2457 pictae
1822 2422 1908 2451 sunt,

293 2475 386 2508 valde
411 2476 564 2508 obscurae
578 2482 667 2506 sunt:
696 2484 760 2504 una
781 2474 884 2514 prima
905 2472 1011 2504 littera
1032 2480 1120 2505 certo
1144 2480 1192 2506 est
1215 2472 1334 2512 Sekia,
1367 2474 1506 2505 secunda
1526 2472 1655 2504 Lamed
1676 2472 1778 2503 videri
1800 2471 1908 2512 possit.

293 2531 442 2563 Fortasse
469 2533 502 2562 in
532 2531 598 2563 illis
626 2530 739 2572 figuris
768 2528 846 2560 latet
876 2528 1017 2571 vulgaris
1045 2528 1139 2562 huius
1167 2537 1313 2562 monetae
1344 2530 1508 2570 inscriptio
1535 2539 1566 2560 *³⁷
1588 2537 1693 2561 aalma:
1731 2538 1791 2568 qua
1815 2527 1856 2558 de
1877 2537 1911 2557 re

294 2589 452 2624 iudicent,
482 2588 536 2628 qui
558 2597 686 2618 numum
710 2587 894 2618 examinare
917 2587 1049 2627 possint.
1092 2605 1094 2607 ·

1275 2646 1356 2675 40*
