2242 2976
312 246 388 283 226
438 244 569 278 LlBER
585 243 832 277 SECUNDUS.
854 242 1191 275 INSCRIPTIONES
1207 241 1490 275 enormem&
1515 241 1662 276 CAPUT
1676 214 1914 292 oc't'AVUM.

785 361 1038 394 CAPUT
1094 355 1463 396 ocTA'VUM.

392 438 773 477 MONUMENTA
814 439 1113 489 SEMITICA
1155 440 1215 477 IN
1256 439 1530 477 AEGYPTO
1572 438 1858 478 REPERTA.

445 540 519 572 Duo
544 539 658 571 borum
681 547 959 572 monumentorum
979 550 1099 583 genera
1115 550 1187 572 esse
1201 541 1381 572 statuimus.
1424 539 1473 572 Ac
1488 528 1625 583 primum
1641 551 1744 583 genus
1756 546 1806 572 est
1819 549 1942 579 eorum,

318 599 349 629 in
375 596 490 640 quibus
514 598 671 640 imagines
693 604 725 628 et
747 596 895 638 symbola
916 597 955 628 ad
980 595 1098 628 cultum
1123 596 1353 639 Aegyptiorum
1377 597 1571 639 pertinentia
1593 596 1764 629 manifesto
1786 597 1945 639 originem
1987 635 1993 641 '

317 653 509 696 Aegyptiam
541 654 696 695 produnt,
734 652 860 685 litterae
884 660 990 685 tamen
1014 652 1162 696 vulgares
1186 652 1378 685 phoeniciae
1403 660 1477 685 sunt
1499 656 1576 693 (no.
1599 651 1945 695 vattl-Lxx)=

318 709 453 741 alterum
475 720 605 749 eorum,
636 720 768 752 quorum
792 711 883 752 origo
906 709 1103 753 Aegyptiaca
1126 710 1235 741 itidem
1259 709 1310 741 vel
1333 721 1373 741 ex
1396 709 1592 753 imaginibus
1615 715 1746 753 apparet
1769 707 1820 740 vel
1840 719 1882 740 ex
1905 718 1946 740 eo

320 767 403 808 quod
428 767 459 797 in
487 765 638 808 Aegypto
660 773 785 808 reperta
807 772 902 805 sunt,
940 775 1021 808 quae
1054 776 1130 797 vero
1163 764 1317 808 peculiari
1339 766 1474 808 quadum
1497 765 1675 798 litteratura
1707 766 1766 808 (de
1790 775 1852 808 qua
1873 763 1948 796 vide

318 821 372 854 lib.
390 822 403 854 1
427 834 494 865 cap.
513 822 580 864 lv)
606 830 637 854 et
659 821 797 854 dialecto
814 821 974 854 Aramaea
992 822 1147 864 inscripta
1160 829 1235 867 sunt
1258 822 1330 864 (no.
1346 822 1697 865 Lxxl-Lxxv):
1720 822 1804 866 quod
1819 820 1947 864 quidem

320 880 479 921 posterius
503 890 586 910 nnuc
609 879 808 910 tractandum
831 885 988 920 superest.

1068 970 1196 1003 Lxxl.

501 1037 993 1071 MONUMENTUM
1034 1037 1768 1072 CARPENTORACTENSE.

453 1119 481 1148 1.
527 1115 592 1148 Ubi
614 1123 646 1147 et
667 1126 686 1146 a
710 1126 772 1158 quo
795 1116 960 1146 inventum
983 1116 1026 1147 sit
1044 1116 1199 1147 eximium
1224 1114 1285 1147 hoc
1307 1123 1566 1155 monumentum,
1603 1117 1788 1159 ignoratur;
1826 1116 1950 1148 videtur

324 1183 365 1204 ex
407 1171 551 1215 Aegypto
581 1171 760 1204 Massiliam
789 1178 1001 1203 transvectum
1029 1182 1117 1210 esse,
1157 1170 1212 1202 ubi
1242 1170 1351 1202 seculo
1381 1172 1506 1204 decimo
1534 1179 1648 1204 octavo
1678 1173 1808 1204 ineunte
1830 1173 1951 1214 primus

323 1229 393 1260 eius
422 1239 587 1271 possessor
618 1236 687 1260 erat
717 1227 911 1266 Ricounus,
947 1226 1182 1266 Massiliensis,
1218 1237 1237 1258 e
1268 1227 1439 1270 praesectis
1461 1229 1508 1260 rei
1531 1229 1677 1260 nauticae
1700 1227 1951 1269 (Commi-sair·

323 1285 363 1316 de
385 1283 416 1315 la
436 1285 597 1325 marine),
621 1282 761 1326 diligens
783 1283 983 1327 antiquorum
1006 1290 1285 1315 monumentorum
1308 1282 1470 1316 collector.
1515 1283 1565 1316 Ab
1589 1283 1652 1316 hoc
1674 1283 1850 1316 hereditate
1872 1282 1953 1319 illud

325 1347 516 1372 consecutus
538 1347 587 1372 est
608 1339 865 1378 Mszsucssrus,
895 1339 1074 1382 praefectus
1095 1341 1203 1371 curiae
1220 1340 1479 1383 Aquisextiensis
1502 1340 1690 1382 (President
1712 1351 1752 1372 au
1775 1339 1955 1384 parlement

325 1395 441 1434 d'Aix,
478 1406 507 1428 v.
538 1397 576 1428 de
607 1407 646 1427 eo
673 1395 779 1428 Millin
810 1395 963 1438 Magazin
993 1387 1283 1438 encyclopsiSO5,
1306 1395 1347 1429 T.
1366 1395 1389 1428 Ι.
1421 1408 1453 1440 p.
1479 1397 1580 1439 352):
1613 1408 1632 1429 a
1661 1398 1752 1429 cuius
1780 1396 1954 1429 heredibus

326 1453 489 1484 venditum
514 1460 561 1483 est
585 1452 834 1491 lxcunmsnro,
857 1454 1010 1495 episcopo
1031 1453 1347 1495 Carpentoraclemi
1366 1452 1581 1496 (Carpentras
1603 1455 1636 1486 in
1660 1453 1767 1486 Gallia
1788 1451 1954 1495 australi),

326 1510 380 1552 qui
417 1510 448 1540 in
481 1508 675 1539 bibliotheca
700 1510 822 1550 privata
853 1510 1012 1551 reposuit,
1049 1519 1131 1551 quae
1153 1516 1262 1551 postea
1284 1516 1350 1541 tota
1375 1510 1407 1541 in
1431 1509 1657 1543 bibliothecam
1680 1508 1895 1553 episcopalem
1911 1507 1952 1540 ab

328 1575 367 1597 eo
390 1565 550 1596 conditam
574 1566 709 1596 transiit.
752 1564 857 1607 Atque
882 1566 913 1595 in
938 1564 998 1595 hac
1020 1563 1101 1606 lapis
1123 1564 1179 1596 ille
1203 1566 1377 1597 etiamnum
1401 1574 1619 1598 conservatur.

455 1629 646 1661 Edita'onem
666 1631 801 1671 primam
822 1630 959 1660 instituit
980 1628 1155 1660 theonaus
1173 1631 1389 1671 possessorq'n
1404 1629 1582 1662 Messmotree
1603 1630 1644 1661 de
1671 1629 1844 1669 Trevonx,
1873 1628 1951 1661 Juin

329 1689 428 1724 1704,
462 1697 492 1727 p.
515 1688 586 1717 994.
611 1688 696 1726 12),
726 1686 781 1717 sed
807 1696 956 1727 pravam,
993 1696 1087 1727 quam
1110 1686 1200 1727 peius
1222 1686 1315 1717 etiam
1343 1687 1469 1728 repetiit
1490 1685 1712 1725 Illonffuucou
1733 1686 1766 1717 iu
1789 1686 1955 1728 ant-'qum

329 1742 524 1784 empla’quie,
563 1741 724 1784 Suppleru.
755 1741 797 1774 T.
822 1741 861 1774 ll.
897 1744 999 1780 1757,
1032 1753 1061 1784 p.
1089 1743 1168 1780 207,
1209 1742 1292 1772 unde
1316 1741 1451 1784 profecit
1475 1741 1595 1783 Caylm
1617 1741 1736 1774 Comes
1759 1742 1791 1773 iu
1814 1742 1958 1774 Recuea

331 1799 571 1840 d’Antiqm'tc‘s
590 1797 633 1829 T.
652 1798 677 1829 1.
702 1810 732 1840 p.
748 1801 808 1837 74,
830 1797 894 1830 tab.
910 1801 966 1835 26:
989 1805 1099 1830 contra
1122 1797 1214 1829 valde
1230 1806 1410 1829 accuratam
1426 1809 1467 1829 ex
1483 1797 1633 1840 exemplo
1648 1809 1769 1841 gypseo
1787 1798 1955 1841 postmodo

330 1866 349 1885 a
373 1853 473 1894 Cnylo
498 1865 605 1885 secum
630 1856 862 1886 communicato
885 1855 973 1886 dedit
993 1853 1264 1886 ernuzmus
1287 1856 1319 1886 in
1335 1853 1513 1886 Mimo-ee
1532 1854 1573 1886 de
1594 1855 1609 1886 l
1617 1854 1727 1886 ’acad.
1750 1854 1790 1887 T.
1806 1853 1955 1894 XXXII,

330 1922 361 1953 p.
385 1913 455 1942 725.
491 1909 550 1951 (T.
574 1910 655 1941 th
679 1922 710 1952 p.
734 1914 795 1942 364
827 1911 878 1943 ed.
902 1912 934 1942 in
959 1910 1075 1951 duod.)
1106 1910 1168 1942 tab.
1195 1914 1231 1950 1,
1270 1922 1405 1954 eamque
1427 1910 1604 1953 duplicem,
1644 1910 1777 1943 alteram
1799 1913 1955 1945 minorem

330 1968 428 1998 totius
451 1968 665 2004 monumenti,
695 1966 827 1998 alteram
851 1968 1004 1998 maiorem
1026 1966 1127 1999 solius
1151 1968 1388 2009 inscriptionis,
1412 1978 1493 2009 quae
1514 1977 1623 1998 veram
1638 1966 1816 1999 litterarum
1833 1969 1956 2011 magui-

331 2023 472 2054 tudiuem
497 2030 721 2064 repraesentat.
770 2023 860 2054 llanc
883 2023 1079 2064 repetierunt
1099 2024 1133 2054 0.
1152 2023 1193 2055 G.
1214 2023 1357 2064 Tycluen
1378 2024 1412 2055 in
1429 2024 1506 2055 Act.
1525 2022 1611 2055 Nov.
1634 2022 1745 2066 Upsal.
1769 2023 1809 2056 T.
1828 2023 1892 2055 Vll
1913 2025 1952 2056 ad

334 2090 406 2121 pag.
430 2082 471 2118 92
507 2079 584 2119 (sed
615 2081 718 2110 minus
741 2078 952 2121 diligenter);
988 2079 1144 2121 Καρρίνα
1167 2079 1207 2111 Β.
1237 2079 1305 2110 und
1325 2078 1418 2111 Schr.
1443 2079 1491 2118 ll,
1515 2090 1545 2122 p.
1569 2082 1631 2111 229
1665 2080 1726 2122 (ex
1755 2091 1816 2122 quo
1849 2079 1955 2112 bausit

332 2134 519 2174 wilmus),
556 2143 587 2166 et
619 2135 748 2177 reliquis
777 2137 957 2167 accuratius
987 2142 1018 2166 et
1047 2136 1177 2166 nitidius
1207 2135 1347 2167 Beerinae
1375 2137 1407 2168 in
1437 2135 1522 2168 libro
1544 2146 1640 2178 supra
1661 2136 1712 2178 (p.
1735 2137 1795 2178 60)
1824 2135 1954 2168 laudato

333 2191 397 2223 tab.
421 2195 450 2223 1.
505 2191 568 2222 Sed
600 2203 713 2222 novam
745 2191 990 2223 delineationem
1022 2192 1091 2234 ipso
1114 2190 1219 2234 lapide
1243 2192 1348 2224 denuo
1367 2194 1550 2225 examinato
1572 2193 1659 2224 dedit
1679 2191 1955 2224 Mrcnnmucuo

334 2248 442 2280 Lisci
470 2249 503 2278 in
526 2247 682 2290 singulari
705 2249 744 2278 de
768 2248 829 2279 hoc
853 2255 1058 2279 monumento
1078 2251 1345 2281 commentatione
1369 2260 1522 2292 perquam
1545 2251 1692 2291 copiosa:
1728 2249 1959 2282 Oeservaziom·

333 2305 387 2336 sul
408 2303 630 2336 Banormevo
643 2303 904 2345 fem‘co-egizae'o
927 2304 985 2336 che
1009 2308 1041 2336 ει·
1060 2315 1217 2338 conserva
1239 2309 1275 2338 in
1300 2305 1550 2348 Carpeutraew.
1578 2305 1683 2338 Roma
1705 2308 1795 2338 1825.
1822 2309 1844 2337 4
1865 2307 1955 2348 maj.‚

333 2371 427 2403 quam
451 2371 509 2391 nos
527 2371 590 2391 una
605 2371 675 2391 cum
692 2360 839 2402 exemplo
854 2359 1122 2402 Bartbelemyano
1140 2364 1263 2394 maiore
1279 2361 1471 2394 exhibemus
1487 2362 1548 2394 tab.
1563 2365 1615 2394 28.
1632 2365 1683 2394 29.
1726 2361 1778 2394 De
1791 2363 1956 2405 utriusque

333 2418 517 2449 discrimine
538 2418 609 2448 vide
632 2418 659 2455 §-
678 2419 707 2448 3.

456 2482 699 2524 Inter-prelatio
730 2481 799 2512 eius
832 2491 931 2522 usque
961 2481 1000 2511 ad
1031 2481 1291 2523 Barthelemyum
1321 2490 1445 2515 tantum
1477 2482 1580 2515 abfuit
1610 2488 1644 2513 ut
1672 2489 1792 2514 tentata
1822 2484 1881 2521 sit;
1921 2492 1956 2516 ut

331 2539 536 2570 dissentirent
551 2539 633 2570 adeo
647 2537 825 2580 Rigordus,
848 2536 1118 2586 Montefalconius
1137 2549 1231 2580 arque
1247 2540 1317 2580 ipse
1332 2538 1586 2580 Barthelemyu's,
1610 2546 1716 2570 utrum
1732 2539 1854 2572 Punica
1869 2549 1956 2573 esset

328 2596 483 2637 scriptura
505 2606 545 2627 an
568 2594 774 2638 Aegyptiaca.
817 2593 882 2626 Sed
903 2600 1015 2636 postea
1037 2592 1310 2627 Bmwmmuus
1333 2596 1513 2628 accuratius
1536 2595 1568 2627 in
1595 2594 1677 2627 hanc
1700 2607 1767 2628 rem
1791 2598 1954 2640 inquirens
