2242 2976
340 241 458 275 NUMI
481 241 672 276 SICILIAE
699 238 1096 273 ETADIACENTlUM
1118 238 1394 273 INSULARUM.
1439 240 1500 273 IX.
1525 240 1780 275 PANORMUS.
1839 244 1913 281 291

285 336 456 369 tenendum
474 343 542 375 est,
567 335 651 367 bunc
675 347 806 368 numum
830 333 990 377 prioribus
1013 332 1171 365 classibus
1192 344 1249 375 per
1270 335 1380 366 omnia
1392 334 1528 367 similem
1545 346 1608 369 non
1625 335 1708 368 alius
1731 336 1819 369 urbis
1843 347 1915 369 esse

283 402 395 434 posse,
427 403 522 434 quam
552 392 723 431 Panormi,
757 399 788 423 et
817 392 933 423 iccirco
956 397 1077 425 tanturm
1099 389 1284 432 significatu
1306 402 1363 422 suo
1388 391 1471 423 haud
1494 392 1606 434 procul
1628 392 1742 425 abesse
1765 405 1784 425 a
1806 402 1913 433 nat-¹72,

283 455 315 480 et
337 457 423 483 tut-172
451 456 504 482 nw-
549 449 642 480 Haec
665 448 832 480 nobiscum
855 453 1038 489 reputantes
1062 445 1215 489 legimus'

550 525 641 563 nqm
671 516 742 563 '5772
1011 505 1228 552 Panormus
1253 516 1402 552 Romae
1429 528 1456 552 s.
1485 517 1688 553 Romana:

280 612 325 632 ex
353 600 411 635 ’πη
444 612 500 644 per
530 601 754 643 compendium
785 609 841 641 pro
870 606 973 638 mma,
1011 607 1037 632 m
1074 607 1149 631 nota
1177 600 1331 642 genitivi,
1370 606 1401 630 et
1430 607 1474 635 βῆ
1511 599 1614 631 Roma
1644 600 1696 642 (v.
1718 600 1839 643 Tripol.
1861 602 1913 644 1).

280 656 495 700 Intelligenda
517 657 614 700 igitur
636 657 819 688 Panormus
838 649 966 687 colonia
989 656 1154 694 Romana,
1185 657 1276 687 cuius
1299 666 1411 687 numos
1432 654 1532 687 latine
1555 657 1729 699 inscriptos
1755 647 1910 690 exhibent

283 713 409 745 Eckhel
438 712 479 745 D.
510 712 552 745 Ν.
585 716 625 752 1,
656 714 728 744 232.
768 711 916 743 Mionnet
944 711 969 751 Ι,
1001 723 1032 754 p.
1063 714 1137 744 281).
1162 715 1235 744 281.
1275 712 1313 743 cf.
1342 711 1459 744 Strabo
1490 711 1548 751 Vl,
1572 724 1604 755 p.
1629 716 1706 745 188:
1742 714 1913 756 Πάνορμός

278 768 440 811 Ῥωμαίων
462 769 520 810 ἔχει
541 769 707 801 κατοικίαν.
749 766 812 799 Dio
835 767 926 800 Cass.
949 771 990 800 54
1012 770 1040 807 ς.
1065 770 1084 800 7
1115 775 1146 800 et
1174 768 1314 800 Schiavo
1339 769 1378 800 de
1398 769 1559 800 Panormo
1583 769 1709 801 colonia
1734 771 1766 801 in
1793 761 1913 802 Torress

283 837 418 858 muzzae
442 836 538 869 opere
560 837 591 869 p.
616 828 677 857 189
699 836 768 868 sqq.
1500 827 1502 829 '

411 910 441 940 5.
485 908 603 939 Palma
624 906 742 946 arbor,
771 906 812 938 ab
835 913 968 948 utraque
992 913 1082 948 parte
1104 908 1208 938 trunci
1229 905 1357 938 litterae
1380 915 1477 941 mma.
1509 907 1539 948 )(
1573 906 1665 949 Equi
1674 907 1817 946 frenati
1832 920 1914 951 pars

285 967 434 996 anterior
462 964 508 996 ad
534 964 586 1002 (1.,
623 974 721 1004 supra
749 966 891 995 victoria
921 962 1079 994 advolans
1109 973 1242 1005 eumque
1267 974 1445 1003 coronam,
1489 964 1535 996 ad
1559 964 1591 995 d.
1621 975 1760 1006 granum
1785 965 1911 997 hordei.

282 1018 321 1051 In
350 1018 424 1052 aliis
447 1018 606 1061 exemplis
634 1030 733 1060 supra
754 1020 789 1050 in
809 1017 882 1050 loco
903 1019 1058 1050 victoriae
1080 1025 1130 1050 est
1148 1029 1288 1060 granum
1310 1020 1445 1059 hordei,
1469 1022 1503 1052 in
1527 1019 1599 1052 aliis
1622 1028 1790 1064 utrumque
1813 1022 1912 1054 deest.

283 1074 374 1108 Infra
394 1074 521 1108 litterae
544 1084 640 1110 nin-m
662 1083 744 1118 nep.

410 1145 497 1178 Vide
518 1145 578 1177 litt.
602 1146 630 1177 L
656 1147 696 1178 ad
719 1144 900 1187 exemplum
925 1144 1104 1184 Mionncfi,
1128 1145 1169 1177 cf.
1192 1144 1399 1177 Bellermann
1421 1145 1436 1177 I
1459 1157 1488 1188 p.
1513 1148 1545 1178 7.
1589 1145 1624 1177 In
1648 1146 1763 1178 Museo
1786 1146 1914 1179 Britan-

285 1204 357 1235 nico
380 1204 443 1235 tria
466 1202 615 1245 exempla
638 1208 784 1240 exstant,
823 1203 855 1232 in
880 1213 1012 1244 quorum
1045 1201 1171 1233 duobus
1201 1201 1373 1244 epigraphe
1405 1209 1550 1234 extrema
1580 1203 1714 1241 detrita,
1757 1204 1790 1234 in
1820 1206 1913 1235 tertio

284 1258 393 1301 paullo
415 1258 510 1290 aliter
531 1260 615 1301 picta
636 1265 697 1297 est,
720 1265 755 1290 ut
776 1258 836 1290 litt.
859 1257 905 1290 M.
961 1258 1161 1301 Epigraphas
1184 1257 1215 1290 N
1239 1264 1270 1289 et
1291 1257 1320 1288 O
1344 1257 1451 1300 paullo
1476 1258 1691 1301 negligentius
1707 1258 1760 1290 vel
1775 1259 1914 1302 sculptas

285 1315 338 1347 vel
362 1316 464 1358 (quod
487 1314 616 1355 malim)
638 1315 779 1356 depictas
802 1316 1007 1356 repetivimus
1024 1326 1043 1346 a
1066 1314 1235 1346 Mionneto
1259 1314 1373 1356 Suppl.
1393 1318 1408 1345 1
1435 1314 1497 1346 tab.
1521 1318 1550 1346 8.
1576 1325 1629 1346 no.
1650 1318 1704 1346 48.
1721 1317 1775 1353 49,
1798 1314 1858 1347 litt.
1875 1317 1911 1355 P,

285 1383 366 1415 quae
388 1373 422 1404 in
443 1371 509 1403 fine
532 1381 645 1402 manca
665 1378 732 1409 est,
767 1370 845 1402 ibid.
870 1382 922 1402 no.
946 1374 976 1409 5,
1009 1371 1048 1403 cf.
1071 1382 1144 1413 pag.
1165 1374 1239 1402 411.
1270 1378 1302 1402 et
1331 1371 1497 1413 Lindberg
1520 1382 1549 1413 p.
1572 1374 1623 1402 24.
1666 1369 1743 1402 Alia
1765 1372 1914 1414 exempla

285 1429 442 1461 dederunt
472 1426 652 1466 castellus,
689 1426 819 1458 Siciliae
849 1434 923 1459 vett.
946 1429 1036 1459 numi
1058 1427 1123 1459 tab.
1146 1430 1219 1459 100.
1247 1423 1380 1461 Au‘ctar.
1402 1427 1433 1458 11
1455 1427 1517 1459 tab.
1542 1430 1572 1459 9.
1609 1426 1815 1469 Barthelemy
1837 1428 1859 1460 l.
1883 1440 1911 1461 c.

286 1496 338 1516 no.
361 1488 391 1517 7.
424 1484 549 1516 Dutens
572 1483 621 1515 111
649 1483 712 1515 tab.
735 1487 764 1515 2.
800 1482 948 1515 Mionnet
971 1487 1000 1521 1,
1024 1486 1098 1521 331,
1130 1483 1196 1515 tab.
1220 1484 1272 1523 20,
1295 1494 1349 1516 no.
1372 1486 1405 1516 9.
1426 1521 1429 1525 Ι

413 1555 522 1586 Prima
545 1553 737 1597 epigraphe,
760 1564 841 1595 quae
862 1554 895 1584 in
919 1554 1054 1584 adversa
1077 1560 1142 1592 est,
1166 1553 1225 1584 hos
1242 1563 1356 1585 numos
1375 1553 1619 1585 Panormitanos
1644 1564 1715 1585 esse
1739 1555 1912 1587 evincitur:

286 1621 382 1647 ruffin
404 1622 493 1655 tro-tp,
524 1611 611 1653 quod
632 1611 665 1642 in
689 1620 803 1641 aversa
825 1616 891 1647 est,
921 1609 1007 1640 haud
1029 1609 1126 1641 dubie
1148 1609 1309 1652 significat
1329 1609 1439 1642 urbem
1462 1620 1596 1643 novam.-
1626 1610 1800 1653 ambigitur
1822 1622 1912 1651 vero,

287 1676 394 1702 utrum
423 1671 468 1699 ita
501 1668 586 1699 dicta
617 1668 659 1698 sit
687 1666 838 1698 Panormi
867 1676 906 1697 ca
929 1677 1021 1707 pars,
1057 1677 1138 1707 quae
1160 1666 1214 1697 νέα
1235 1665 1322 1702 πόλις
1344 1665 1510 1698 dicebatur
1533 1665 1666 1708 (Polyb.
1693 1670 1719 1705 1,
1743 1669 1783 1698 38
1805 1669 1834 1705 ξ.
1853 1670 1914 1709 9),

288 1737 327 1758 an
352 1724 540 1766 CarthagO,
562 1723 620 1754 sub
645 1724 734 1754 cuius
757 1723 893 1764 imperio
916 1721 949 1752 hi
968 1723 1056 1753 numi
1071 1723 1138 1753 cusi
1154 1729 1246 1760 sunt,
1269 1724 1421 1764 cuiusque
1439 1723 1625 1754 attributum
1644 1729 1712 1754 erat
1727 1728 1826 1765 caput
1841 1728 1918 1767 equi

291 1782 405 1824 (Virg.
418 1780 500 1812 Aen.
514 1784 544 1818 4,
560 1781 633 1811 447.
657 1777 715 1809 Sil.
732 1781 763 1816 2,
778 1780 830 1809 40.
846 1777 961 1808 lustin.
978 1781 1029 1817 18,
1046 1781 1064 1810 5
1077 1778 1096 1818 J.
1138 1777 1186 1810 Ac
1201 1780 1358 1821 posterior
1375 1780 1500 1820 quidem
1517 1781 1676 1810 sententia
1695 1779 1914 1822 Barthelemyi

288 1846 356 1877 est,
389 1848 482 1880 quem
507 1835 650 1878 plerique
674 1835 776 1865 secuti
799 1840 891 1872 sunt,
924 1835 1011 1876 prior
1034 1833 1158 1876 Koppii
1178 1835 1248 1876 (ΙΙ,
1274 1835 1371 1875 189),
1409 1845 1489 1876 quae
1512 1845 1578 1866 non
1601 1846 1731 1878 parvam
1753 1847 1914 1869 commen·

289 1896 450 1927 dationem
474 1892 571 1924 habet
592 1903 611 1923 a
634 1892 740 1923 numis
763 1890 973 1939 Syracusanis
1001 1891 1073 1930 (no.
1096 1890 1182 1932 XI),
1219 1892 1251 1922 in
1277 1902 1413 1933 quorum
1436 1891 1622 1933 epigraphis
1645 1891 1792 1923 similiter
1815 1893 1914 1933 Syra-

289 1961 436 1983 cusarum
466 1948 573 1991 aliqua
603 1959 676 1990 pars
708 1948 790 1989 (meg
817 1939 944 1986 Nasos,
974 1946 1104 1988 Insula)
1134 1954 1304 1990 comparet.
1350 1946 1541 1989 Quanquam
1570 1947 1650 1979 nihil
1674 1950 1754 1979 certi
1784 1948 1913 1988 definio.

290 2006 415 2046 Quodsi
442 2006 528 2037 enim
559 2015 685 2042 verum,
721 2003 805 2046 quod
841 2002 1019 2044 complures
1055 2010 1180 2035 veteres
1218 2005 1364 2043 trudunt,
1412 2004 1628 2046 Carthaginis
1658 2015 1774 2036 nomen
1799 2016 1914 2038 novam

289 2067 456 2096 civa‘tatem
485 2060 669 2104 significare
699 2059 820 2102 (Boch.
848 2070 960 2102 geogr.
990 2070 1016 2091 s.
1046 2071 1076 2101 p.
1102 2061 1200 2102 167),
1233 2063 1330 2093 etiam
1362 2061 1424 2093 hoc
1453 2062 1508 2092 vix
1540 2060 1633 2092 aliter
1661 2061 1759 2093 scribi
1790 2069 1915 2104 poterat

289 2128 383 2163 atque
406 2128 502 2153 run-m
524 2128 609 2160 nup-

418 2190 469 2222 De
490 2187 637 2230 exemplo
659 2186 721 2218 litt.
744 2185 780 2218 M
803 2185 1037 2217 observandum
1060 2192 1124 2223 est,
1160 2187 1432 2229 intercapedinem
1461 2188 1544 2219 inter
1567 2198 1587 2231 p
1611 2195 1644 2219 et
1669 2190 1788 2229 *asinde
1813 2196 1912 2221 ortam

291 2259 379 2286 esse,
417 2246 503 2289 quod
533 2244 635 2287 Koplc
662 2243 769 2275 littera
799 2251 872 2273 ante
902 2242 976 2283 equi
1008 2242 1118 2283 pedem
1149 2250 1321 2285 comparet.
1376 2244 1544 2276 Praeterea
1574 2246 1714 2276 notanda
1745 2244 1852 2276 Reae-lt
1882 2252 1914 2276 et

292 2303 438 2342 Dotem,
479 2303 588 2334 caudis
618 2300 758 2332 inflexis.
793 2318 832 2323 -
871 2297 1031 2339 Exempla
1052 2297 1094 2330 N.
1119 2298 1159 2331 O.
1183 2299 1208 2331 P
1230 2301 1287 2331 vix
1309 2307 1394 2331 recte
1417 2299 1577 2332 delineata
1599 2307 1674 2332 sunt
1696 2301 1788 2341 (vide
1812 2310 1856 2344 ηρ
1881 2301 1913 2331 in

292 2359 354 2392 litt.
377 2359 427 2398 O,
457 2370 479 2392 n
502 2360 535 2390 in
558 2357 619 2390 litt.
644 2357 708 2399 P),
739 2355 823 2398 quod
846 2356 902 2386 vix
922 2353 1014 2386 aliter
1037 2354 1109 2386 fieri
1132 2362 1271 2398 poterat,
1298 2356 1583 2399 quum-exempla,
1615 2367 1696 2399 quae
1720 2358 1797 2396 vidi,
1819 2356 1912 2388 valde

293 2415 408 2447 detrita
435 2418 509 2448 sint.
561 2415 682 2446 Iccirco
711 2414 744 2444 in
776 2413 856 2443 mira
886 2411 979 2442 devia
1007 2411 1103 2443 delati
1136 2420 1229 2452 sunt,
1266 2414 1320 2455 qui
1357 2420 1476 2445 certam
1506 2413 1766 2455 exploratamque
1797 2413 1909 2444 horum

294 2482 460 2504 numerum
483 2473 639 2515 originem
665 2471 696 2501 et
718 2466 907 2511 epigraphas
928 2466 1099 2509 parallelas
1121 2468 1167 2500 nil
1189 2476 1335 2502 curantes
1357 2471 1515 2511 corruptis
1538 2469 1603 2501 illis
1626 2470 1772 2501 ductibus
1803 2469 1912 2499 inhae-

294 2534 399 2559 rentes
420 2529 495 2560 inde
519 2539 575 2570 pro
596 2527 700 2559 lubitu
724 2526 1001 2567 interpretationes
1024 2524 1285 2568 exsculpserunt,
1306 2533 1341 2557 ut
1357 2525 1581 2565 Hamakerus,
1605 2528 1658 2568 qui
1676 2525 1782 2568 (diatr.
1800 2536 1830 2566 p.
1849 2525 1911 2566 43)

295 2585 530 2625 inscriptionem
563 2583 623 2615 litt.
646 2582 677 2615 N
699 2582 792 2626 legit:
824 2578 973 2616 noyn-tn*
993 2593 1152 2622 „numum
1183 2584 1252 2615 sive
1282 2583 1321 2614 ad
1345 2581 1534 2613 Tartessum
1556 2582 1698 2615 referens
1722 2581 1931 2624 Hispaniae,-

1451 2643 1491 2671 37
1513 2642 1527 2656 ⁸
