2242 2976
408 253 448 287 B.
492 252 739 289 VOCABULA
762 254 1008 289 PHOENICIA
1028 255 1149 289 APUD
1174 255 1379 290 GRAECOS*
1395 255 1455 290 ET
1478 255 1707 293 ROMANOS.
1738 301 1750 313 Ι
1799 259 1873 296 393

291 349 484 390 Carthaginis
505 351 597 381 etiam
613 350 762 393 Neapolis
774 351 923 392 appellata
941 357 1023 387 sunt.

289 403 442 442 Suspicari
453 403 564 443 aliquis
578 404 688 443 possit,
712 404 807 434 trium
820 404 942 434 illarum
957 404 1026 434 for-

287 465 408 485 marum
429 465 674 496 unamquamque
697 461 822 496 etymon
839 455 953 486 habere
968 457 1025 486 sibi

287 509 447 548 proprium
458 531 467 546 ,
498 507 633 548 magalia
655 508 733 541 5:572
743 529 753 546 ‚
787 507 921 550 mapalia
936 508 1000 543 hm:
1013 532 1022 547 ‚

288 562 513 600 magaria-5:72,
526 568 634 595 *munz
654 561 707 591 sed
715 562 877 591 manifesto
887 562 1024 591 omnium

288 614 383 643 trium
406 613 582 654 significatio
603 614 746 653 primitus
767 614 872 643 eadem
886 619 968 651 erat,
993 620 1025 644 et

288 671 419 705 uterque
440 667 526 696 vocis
545 677 620 696 usus
645 665 884 705 deprehenditur
899 667 932 695 in
946 665 1025 696 Ma-

284 707 391 759 galia,
427 718 501 748 licet
522 716 657 759 mapalia
683 719 807 748 nonnisi
827 718 877 748 de.
892 719 1022 759 tuguriis

285 770 518 810 frequentetur,
548 769 699 811 Magaria
717 771 784 801 fere
799 772 933 801 nominis
947 782 1022 812 pro-

285 823 346 863 prii
361 824 426 853 vim
442 823 590 853 induerit.

243 887 287 919 M
293 900 384 919 amm
394 901 437 919 on
447 912 456 927 ,
480 889 615 919 lucrum.
644 889 809 929 Augustin.
825 890 863 919 de
880 900 1021 920 sermone

284 942 414 971 Domini
432 942 466 971 in
485 947 590 971 monte
610 941 665 971 lib.
684 945 715 972 2.
747 941 926 972 Mammona
941 941 1023 983 apud

284 991 442 1023 Hebraeos
456 992 579 1023 divitiae
594 991 743 1033 appellari
755 992 913 1030 dicuntum>
943 992 1022 1024 Con-

283 1045 367 1085 gruit
399 1052 427 1074 et
454 1043 598 1074 Punicum
629 1055 741 1075 nomen.
793 1043 876 1074 Nam
907 1044 1022 1075 lucrum

284 1096 396 1128 Punice
420 1096 579 1127 Mammon
607 1095 727 1126 dicitur.
780 1098 910 1150 Proprie
936 1097 1022 1127 chal-

285 1156 395 1187 daeum
425 1161 471 1187 est
500 1159 597 1201 ῘῚ7373,
635 1159 730 1198 svm,
770 1167 832 1196 syr.
865 1137 1019 1194 bQQ,

319 1197 527 1265 ημζιξξρᾞ
552 1215 687 1253 divitiae,
706 1216 789 1255 quod
805 1217 927 1255 quidem
945 1226 1021 1246 cou-

285 1272 418 1297 tractum
432 1273 480 1298 cst
495 1278 536 1297 ex
549 1267 638 1297 hebr.
651 1271 755 1313 357222572-
767 1269 788 1298 i.
798 1279 826 1298 e.
842 1268 1017 1306 thesaurus,

284 1330 349 1350 non
364 1321 465 1350 solum
478 1321 691 1350 subterraneus
702 1343 711 1358 ,
744 1321 797 1350 sed
812 1322 913 1361 quivis
935 1321 1016 1357 Gen.

286 1373 340 1411 43,
363 1376 417 1404 23.
466 1373 518 1403 Cf.
531 1372 610 1402 thes.
635 1383 668 1413 p.
693 1375 754 1404 552
769 1374 809 1403 B.

244 1439 308 1480 [M
314 1452 431 1481 appa,
455 1450 585 1480 pannus,
610 1450 671 1479 quo
686 1440 874 1479 magistratus
889 1441 921 1470 in
937 1440 1020 1471 circo

286 1493 396 1533 aurigis
432 1494 552 1532 signum
583 1493 715 1530 dabant,
750 1497 786 1522 ut
810 1502 826 1521 e
849 1492 1020 1522 carceribus

287 1546 421 1576 exirent.
468 1545 620 1583 Quinctil.
643 1548 674 1582 1,
697 1547 715 1575 5
737 1545 766 1583 §.
787 1547 844 1575 ⁵7:
869 1544 1020 1585 Mappam

285 1598 426 1628 usitatum
441 1598 522 1627 circo
537 1609 639 1627 nomen
646 1618 656 1634 ‚
676 1596 771 1626 Poeni
784 1596 842 1626 sibi
854 1595 1019 1626 vindicant.

285 1651 362 1681 Post
395 1655 565 1680 contortam
599 1649 745 1679 Bocharti
784 1649 1018 1689 explicationem

285 1713 324 1757 p.
337 1706 400 1734 730
415 1703 574 1732 meliorem
588 1702 670 1732 dedit
684 1703 778 1731 Ham.
799 1712 831 1740 p.
844 1704 905 1731 306
922 1712 939 1730 e
954 1712 1018 1740 syr.

285 1742 481 1802 &theclam-t.
506 1761 590 1801 Aph.
615 1740 1020 1790 affim=2nizuexire

285 1823 422 1861 facieus3
445 1822 498 1852 sed
515 1833 686 1861 quanquam
702 1822 901 1860 Quinctiliani
913 1826 1020 1850 aucto-

285 1876 369 1905 ritati
384 1874 475 1905 credo
484 1897 493 1912 ‚
523 1884 633 1915 mappa
655 1875 745 1904 etiam
761 1875 914 1904 Punicum
925 1874 1021 1903 fuisse
1074 1891 1076 1893 -

286 1928 461 1958 affirmantis
472 1949 481 1965 ‚
508 1932 611 1957 tamen
627 1939 736 1968 mappa
750 1927 782 1956 in
797 1928 878 1956 circo
899 1937 933 1956 re
947 1937 1021 1956 vera

288 1985 354 2011 erat
370 1991 484 2021 mappa
498 1990 655 2019 pannusve
673 1984 805 2013 cretatus
816 2002 826 2017 ,
851 1989 943 2019 quam
955 1979 1020 2018 agi-

286 2038 354 2063 tare
385 2033 456 2070 vel,
493 2032 576 2072 quod
603 2032 733 2061 verbum
761 2037 825 2062 erat
854 2033 887 2061 in
908 2031 964 2061 hac
985 2042 1020 2061 re

287 2086 465 2125 proprium,
493 2085 609 2114 minere
638 2082 791 2123 (Tertull.
823 2085 860 2114 de
888 2089 1017 2123 spectac.

287 2148 316 2167 c.
339 2141 391 2168 16.
407 2138 478 2167 adv.
496 2137 620 2166 Valent.
637 2147 665 2165 c.
684 2139 735 2166 16.
755 2137 840 2166 Suet.
856 2137 933 2166 Ner.
952 2134 1018 2175 22),

288 2191 426 2221 solebant
458 2189 659 2229 magistratus.
710 2187 843 2218 Martial.
870 2192 909 2218 12
922 2211 930 2226 ,
956 2191 1018 2219 29:

252 2278 254 2280 v
290 2242 441 2275 Cretatam
457 2249 580 2283 praetor
600 2252 686 2282 quum
708 2239 794 2270 vellet
808 2242 922 2270 mittere
934 2252 1022 2281 map-

245 2320 249 2323 .
287 2308 376 2336 pam,
405 2294 545 2325 Praetori
563 2305 702 2335 mappam
716 2294 840 2334 surripit
857 2292 1022 2332 Hermoge-

289 2360 348 2378 nes.
380 2350 452 2378 Sen.
467 2348 504 2377 de
519 2348 564 2377 ira
579 2350 610 2385 3,
628 2350 686 2377 30:
708 2354 824 2375 taurum
840 2344 923 2376 color
939 2345 1023 2374 rubi-

290 2399 402 2430 cundus
431 2402 550 2431 excitat
562 2423 570 2437 ‚
610 2410 696 2429 ursos
730 2397 878 2438 leonesque
912 2408 1024 2438 mappa

267 2453 405 2490 ..ir-rifat.
453 2454 600 2493 Figuram
628 2452 693 2481 eius
720 2451 790 2481 vide
820 2461 868 2490 ap.
897 2450 1020 2479 Ruben-

1137 352 1255 382 Athen.
1281 354 1349 391 XI,
1372 364 1404 393 p.
1429 353 1504 384 487.
1542 349 1873 389 Haffl..3‚o6xconfen

1136 411 1259 443 fimum,
1288 406 1360 443 sed,
1393 416 1488 445 quum
1509 415 1660 446 perpauca
1681 406 1797 446 Cypria
1813 416 1870 436 ex-

1137 463 1235 496 stent,
1273 469 1350 497 quae
1371 468 1475 498 graeca
1494 468 1558 487 non
1580 458 1658 496 sint,
1696 459 1788 488 etiam
1809 457 1868 488 hoc

1136 511 1215 540 malo
1238 520 1378 550 graecum
1397 521 1465 540 esse
1479 521 1497 540 a
1512 521 1659 543 mammae
1673 510 1869 542 similitudine

1136 562 1285 603 dictum]-

1092 614 1134 646 M
1141 628 1157 645 e
1163 628 1178 645 s
1185 628 1200 645 s
1207 617 1220 645 i
1227 627 1247 645 a
1254 627 1280 645 s.
1324 615 1456 655 August.
1473 620 1578 647 contra
1595 584 1712 647 litteras
1727 616 1868 646 Petiliani

1134 669 1274 706 2,114:
1305 670 1397 698 Hunc
1424 667 1554 698 Hebraei
1580 666 1683 698 dicunt
1710 667 1866 705 Messium,

1134 719 1213 761 quod
1226 719 1344 750 verbum
1361 719 1492 751 Punicae
1506 720 1627 760 linguae
1641 732 1799 751 consonum
1813 728 1866 752 esi.

1134 773 1291 803 Videntur
1307 773 1400 812 igitur
1422 774 1514 803 etiam
1534 780 1622 807 71717773
1650 774 1687 804 de
1709 774 1812 804 Uncto
1838 785 1863 804 s.

1133 826 1218 865 Rege
1241 825 1365 855 dixisse.
1418 826 1466 860 Id.
1493 831 1582 857 tract.
1609 827 1642 856 in
1669 827 1778 856 Ioann.
1805 828 1863 857 15:

1139 876 1252 907 Unctus
1270 875 1382 907 Graece
1392 875 1526 908 Christus
1541 886 1594 917 est,
1613 877 1766 909 Hebraice
1778 877 1867 909 Mes-

1134 931 1215 968 sias,
1237 928 1313 958 unde
1334 937 1362 959 et
1376 929 1486 960 Punice
1504 943 1596 960 messe
1618 930 1733 972 (ηιρη)
1757 930 1867 961 dicitur

1133 993 1218 1022 unge.
1262 982 1313 1012 Ad
1325 983 1610 1022 'pronunciationem
1624 984 1664 1014 cf.
1684 972 1750 1028 32'2'5915
1773 984 1867 1015 LXX

1133 1031 1237 1072 ἔσσὴν.

1092 1082 1199 1125 [,,Μό
1208 1096 1226 1126 ρ
1235 1095 1251 1116 ο
1260 1096 1277 1115 ν
1294 1083 1414 1125 λέγουσι
1429 1084 1563 1127 Κύπριοι
1576 1085 1611 1118 τὸ
1623 1085 1686 1124 ὀξύ.
1703 1090 1807 1128 Etym.
1817 1090 1863 1119 M.

1133 1138 1166 1167 in
1178 1138 1240 1167 v.“
1286 1138 1332 1167 Ita
1353 1139 1486 1169 Hamak.
1516 1142 1578 1169 306
1598 1141 1760 1171 conferens
1774 1141 1863 1172 hebr.

1134 1196 1181 1223 ηπ
1194 1210 1204 1226 ,
1233 1189 1287 1218 sed
1306 1190 1339 1218 in
1359 1191 1426 1229 ipso
1447 1192 1661 1232 Etymologico
1682 1192 1757 1223 haec
1770 1194 1865 1234 glossa

1132 1252 1196 1272 non
1215 1241 1360 1281 legitur}

1089 1303 1135 1335 M
1138 1301 1188 1335 ώτ
1197 1326 1206 1341 ‚
1228 1304 1261 1333 in
1278 1304 1472 1344 cosmogonia
1484 1305 1759 1336 Sanehuniathonis
1772 1318 1804 1347 p.
1827 1312 1866 1339 10

1135 1356 1255 1386 Orell.:
1295 1353 1387 1386 τοῦτό
1415 1354 1494 1393 τινές
1523 1368 1618 1399 φασιν
1651 1355 1735 1395 ἰλύν,
1772 1357 1801 1389 οἷ
1831 1358 1866 1391 δὲ

1131 1404 1314 1444 ὑδατώδους
1337 1407 1449 1447 μίξεως
1465 1410 1577 1455 ’σῆψηκ
1614 1409 1665 1441 καὶ
1691 1408 1724 1447 ἐξ
1752 1409 1867 1452 ταύτης

1133 1459 1247 1501 ἐγένετο
1263 1462 1348 1491 πᾶσα
1361 1459 1462 1502 σπορὰ
1475 1460 1602 1498 κτίσεως
1614 1462 1665 1493 καὶ
1678 1461 1790 1503 γένεσις
1803 1466 1865 1495 τῶν

1132 1511 1224 1544 ὅλων.
1268 1513 1438 1543 Bochartus
1461 1524 1493 1553 p.
1514 1517 1577 1545 706
1598 1515 1658 1545 hoc
1680 1517 1813 1555 explicat
1825 1527 1865 1546 ex

1122 1566 1215 1596 arab.
1240 1566 1341 1604 „Heba
1373 1567 1498 1596 materia
1525 1568 1628 1597 arad.
1660 1570 1771 1606 '¹172“‚
1812 1570 1865 1599 sed

1131 1641 1190 1671 hoc
1204 1653 1256 1672 vc.
1278 1647 1324 1672 est
1345 1632 1412 1674 &Eho
1444 1648 1639 1682 augmentum
1671 1645 1863 1683 continuum,

1132 1719 1267 1756 materia,
1285 1724 1303 1748 a
1323 1708 1375 1751 :M
1397 1719 1548 1756 extendit,
1573 1725 1603 1749 et
1618 1730 1682 1749 non
1696 1722 1789 1761 magis
1803 1721 1864 1752 huc

1132 1770 1243 1800 referri
1262 1775 1380 1809 potest,
1415 1781 1505 1809 quam
1526 1771 1649 1800 Castelli
1670 1772 1739 1804 ΦΕ..
1762 1784 1864 1803 mace—

1134 1822 1233 1859 ravit,
1271 1832 1348 1861 aqua
1371 1821 1551 1859 madefecit,
1595 1824 1679 1861 quod
1705 1823 1794 1854 hebr.
1819 1829 1866 1855 est

1134 1874 1221 1905 ἱύῆ73ι
1260 1884 1300 1903 ne
1339 1874 1376 1903 de
1408 1874 1519 1905 Grotio
1549 1879 1579 1904 et
1609 1876 1722 1915 Vigero
1753 1877 1861 1914 dicam,

1134 1936 1265 1966 quorum
1288 1926 1446 1966 opiniones
1470 1927 1541 1956 vide
1562 1938 1611 1967 ap.
1633 1928 1774 1958 Orellum
1792 1929 1814 1958 l.
1833 1939 1861 1958 c.

1135 1978 1273 2009 Omnino
1301 1979 1382 2008 enim
1405 1979 1522 2018 saepius
1547 1980 1699 2018 diximus,
1734 1981 1865 2011 Arabica

1132 2031 1360 2071 tamstntiquis
1394 2032 1520 2061 vocibus
1552 2032 1734 2063 illustrandis
1765 2035 1864 2064 minus

1132 2089 1202 2124 apta
1216 2094 1290 2113 esse.
1323 2083 1421 2113 Nobis
1434 2081 1520 2114 Μώτ
1535 2085 1586 2115 vel
1601 2085 1784 2116 femininum
1799 2097 1864 2116 esse

1133 2137 1256 2167 videtur
1275 2146 1293 2164 a
1313 2135 1379 2183 Ma)
1392 2150 1438 2164 =
1452 2139 1488 2167 572
1513 2148 1591 2177 aqua
1613 2137 1662 2178 (v.
1683 2139 1762 2169 Lex.
1780 2150 1861 2169 man.

1132 2189 1166 2219 h.
1183 2199 1216 2219 v.
1234 2193 1266 2218 et
1279 2199 1372 2228 supra
1388 2199 1456 2228 pag.
1474 2191 1536 2220 223
1554 2195 1611 2220 not
1622 2189 1657 2230 *)
1668 2213 1676 2227 ,
1700 2191 1761 2228 vel,
1782 2192 1864 2230 quod

1132 2241 1293 2281 praeferO,
1331 2240 1404 2271 Μόί
1426 2242 1542 2272 dictum
1566 2247 1615 2271 est.
1637 2253 1694 2281 pro
1715 2242 1801 2273 Mali
1826 2255 1865 2273 ex

1134 2293 1251 2333 vulgari
1274 2294 1326 2323 illa
1346 2294 1535 2324 Phoenicum
1548 2295 1754 2325 contractione
1777 2295 1861 2337 (7572

1134 2345 1249 2383 ΜόοΙι,
1275 2347 1345 2376 vide
1362 2347 1442 2377 infra
1461 2348 1488 2386 §.
1506 2345 1587 2386 23),
1614 2346 1682 2379 Dbn
1708 2349 1728 2378 i.
1748 2359 1777 2388 q.
1798 2361 1866 2379 cae-

1134 2405 1278 2437 mentum,
1307 2397 1420 2429 limum.

290 2505 390 2534 Elect.
418 2507 448 2542 1,
471 2508 524 2536 30.
569 2505 643 2535 Non
667 2509 712 2533 est
735 2503 847 2542 igitur,
881 2502 964 2542 quod
986 2502 1023 2532 de
1093 2502 1128 2533 N
1132 2501 1234 2542 άβλα
1249 2501 1350 2547 ,(ξὲξ)
1370 2502 1524 2540 nablium,
1547 2504 1781 2534 instrumentum
1796 2515 1865 2534 mu-

291 2557 452 2596 peregrina
469 2557 554 2587 vocis
575 2557 692 2597 origine
706 2555 1000 2596 circumspiciatur}
1136 2556 1232 2585 sicum
1250 2578 1258 2592 ‚
1306 2566 1323 2583 a
1362 2553 1567 2585 Phoenicibus
1605 2556 1763 2586 inventum
1802 2568 1865 2587 esse

251 2606 442 2648 [Μαστός
474 2610 579 2648 poculi
600 2620 724 2648 ‚nomen
761 2609 841 2649 apud
878 2607 1021 2648 Paphios.
1137 2608 1279 2637 observat
1301 2606 1416 2636 Athen.
1441 2607 1504 2645 IV,
1529 2618 1562 2647 p.
1585 2611 1655 2639 175.

1427 2667 1467 2697 50
