2242 2976
358 271 391 303 x
959 267 1384 309 puaerArio

362 364 550 414 impendi,
593 370 634 400 nt
665 361 934 410 supellectilem
968 362 1210 407 litterariam,
1248 370 1438 421 >quantum
1473 366 1511 400 in
1551 377 1612 402 mo
1642 373 1760 411 esset,
1787 378 1976 424 *aug-erem

363 437 401 466 et
438 428 723 477 locupleta-em,
741 417 745 421 ⁴
764 437 836 474 quo
868 427 987 474 magis
1017 427 1292 475 intelligebam,
1334 429 1570 478 superiorum
1598 431 1907 477 observationum
1940 440 1980 470 et
2018 449 2019 453 ¹

365 496 586 532 tenuitatem
620 499 658 529 et
680 491 966 538 ambiguitatem
988 492 1190 540 praecipue
1214 493 1256 529 in
1280 499 1614 532 monumentorum
1647 497 1841 544 paucitate
1867 498 1979 536 sitam

366 561 479 596 fuisse
507 559 565 606 ¹0).
617 557 748 604 Itaque
773 555 914 592 factum
937 562 1012 601 est,
1038 562 1082 593 ut
1095 556 1266 606 expulsis
1285 563 1325 594 et
1338 558 1691 607 Pseudophoeniciis
1707 560 1981 608 etadulterinis

365 623 638 664 monumentis,
675 619 723 656 de
749 620 883 669 quibus
905 621 1086 669 peculiari
1108 622 1231 671 capite
1255 633 1365 670 agere
1389 624 1532 671 placuit
1565 624 1654 672 (lib.
1677 625 1727 670 11,
1750 637 1831 675 cap.
1845 628 1980 675 9)2¹¹)›

365 696 503 738 septem
529 692 565 722 et
591 684 839 735 septuaginta
870 686 1133 734 inscriptiones
1165 698 1256 723 vere
1286 687 1505 726 Phoenicias
1539 690 1726 739 lapidibus
1751 692 1982 757 gemmisque

365 753 568 801 insculptas
585 752 646 798 ¹²),
671 751 712 787 in
726 750 785 787 his
799 762 931 786 novem
946 750 1134 799 hucusque
1150 751 1358 800 incognitas
1375 753 1422 801 ¹³)
1440 749 1499 790 'ex
1514 755 1654 793 Museis
1669 755 1998 801 Londinensibim

365 816 614 866 Neapolitano
639 822 678 852 et
702 815 955 860 Berolinensi,
980 822 1018 852 et
1034 816 1242 864 sexaginta
1257 817 1336 854 fere
1352 829 1554 857 numorum
1570 821 1792 870 epigraphes
1805 821 1846 867 in
1863 831 1983 859 unum

365 881 736 931 comportaverimus.
790 879 912 916 Unam
939 881 1244 929 inscriptionem,
1275 893 1387 930 quam
1414 883 1592 940 Panormi
1623 897 1739 935 penes
1775 885 1982 934 principem

434 1054 485 1095 10)
500 1055 637 1085 Ecxnn
650 1063 683 1094 p.
693 1053 773 1083 402:
801 1052 935 1091 „Quum
950 1063 1022 1093 ergo
1036 1064 1077 1084 ex
1091 1054 1139 1085 his

367 1107 563 1138 manifestum
595 1106 655 1143 sit,
692 1115 800 1145 parum
830 1106 963 1145 propitia
992 1105 1140 1136 hactenus

366 1162 509 1191 Minerva
546 1158 623 1188 huic*
656 1156 832 1196 disciplinae
865 1157 965 1187 datam
1003 1168 1138 1199 operam,

368 1213 472 1252 quaeri
495 1213 561 1242 iure
582 1215 700 1251 potest,
731 1209 809 1238 sitne
832 1209 933 1249 aliqua
953 1221 1045 1251 super
1058 1221 1138 1251 spes,

367 1266 437 1296 sore
454 1270 490 1295 nt
500 1264 569 1304 plus
585 1263 664 1293 lucis
678 1262 725 1292 his
742 1261 982 1292 Phoeniciorum
1001 1263 1140 1304 reliquiis

368 1316 572 1348 adfundatur'?
604 1315 684 1352 Aio,
715 1324 874 1354 superesse
890 1316 1052 1355 exiguam,
1079 1316 1139 1346 nisi

368 1381 410 1400 ex
428 1378 524 1399 terrae
544 1370 610 1398 sinu
623 1365 818 1408 proferantur
838 1374 1023 1397 monumenta
1039 1369 1140 1407 copio-

367 1424 450 1452 siora
470 1426 501 1451 et
520 1431 597 1460 quae
620 1419 722 1448 oblato
742 1419 880 1448 faciliore
900 1424 932 1447 et
947 1418 1081 1448 certiore
1093 1418 1141 1448 sni

369 1473 521 1513 explicatu
550 1472 646 1509 magis
673 1479 729 1499 nos
756 1470 847 1498 etiam
878 1469 916 1498 de
944 1470 1064 1508 linguae
1091 1469 1143 1508 [et

369 1522 554 1564 scripturae]
591 1521 774 1551 Phoeniciae
804 1526 912 1550 natura
940 1526 1040 1550 certos
1069 1522 1142 1551 red-

368 1578 451 1607 dant.
464 1577 486 1592 “

435 1626 487 1668 11)
515 1625 806 1665 Pseudophoeniciis
828 1625 920 1654 etiam
938 1634 1143 1654 annumeran-

369 1683 423 1712 dae
452 1685 524 1710 sunt
566 1677 596 1718 1)
630 1677 810 1717 inscriptio,
848 1686 939 1717 quam
973 1677 1074 1717 perill.
1107 1675 1144 1706 de

370 1732 516 1763 Hammer
540 1732 573 1760 in
595 1729 736 1770 sepulcro
761 1738 857 1768 prope
885 1729 1024 1768 Paphum
1046 1730 1141 1769 Cypri

369 1790 521 1826 repertam
544 1783 669 1813 exhibet
687 1783 720 1812 in
746 1781 993 1822 topographi-eche
1007 1781 1161 1812 ΑηείεΙι-,

369 1847 416 1868 ten
437 1837 488 1867 der
514 1835 644 1865 Levana
664 1845 696 1874 p.
722 1837 774 1865 90.
821 1834 1057 1873 Qualescunque
1070 1840 1142 1864 sunt

370 1890 437 1920 illae
459 1889 595 1925 litterae,
632 1887 812 1918 Phoenicius
828 1896 891 1916 non
907 1897 970 1916 esse
984 1886 1138 1927 spondeo:

369 1952 465 1983 prope
487 1946 589 1970 autem
608 1940 758 1979 accedunt
776 1939 816 1968 ad
839 1939 1039 1978 scripturam,
1063 1949 1140 1978 quae

368 1996 401 2025 in
417 1994 519 2024 numia
533 1991 729 2032 Pamphyliae
742 1991 907 2030 reperitur,
923 1991 987 2020 vid.
1006 1991 1096 2021 Cilic.
1109 1991 1145 2032 U·

371 2047 451 2087 (tab.
479 2044 555 2085 37).
613 2043 644 2084 2)
678 2044 755 2074 duae
782 2043 993 2083 inscriptiones
1024 2043 1062 2072 ab
1091 2043 1136 2072 ill.

369 2098 571 2130 Schoemanno
595 2096 671 2126 mihi
692 2096 801 2125 missae
822 2095 859 2124 ab
879 2096 981 2135 Anglo
1001 2095 1138 2132 homine,

368 2158 404 2182 ut
425 2151 597 2186 ferebatur,
621 2160 674 2179 ‘ex
702 2148 831 2188 imperio
852 2148 1014 2178 Tunetano
1034 2148 1139 2178 allatae

368 2203 548 2235 monstrosis
561 2202 630 2231 illae
642 2195 750 2241 figuris
762 2200 904 2240 humanis
917 2201 1028 2240 partini
1042 2201 1138 2238 alatis,

367 2256 478 2296 partim
499 2255 663 2294 bestiarum
681 2253 779 2292 capita
800 2252 982 2294 habentibus
1004 2258 1137 2282 ornatae.

368 2309 414 2338 Ut
436 2308 535 2337 dicam
556 2306 639 2345 quod
661 2305 777 2341 sentio,
809 2304 869 2334 hoc
894 2310 1139 2343 monumentum,

369 2362 395 2390 si
408 2345 499 2391 modo
515 2359 681 2401 genuinum
695 2362 742 2387 est
752 2379 762 2394 ,
786 2357 924 2387 eiusdem
939 2357 1063 2397 originis
1075 2368 1140 2388 esse

370 2413 504 2449 videtur,
529 2416 619 2451 atque
634 2410 711 2439 illud
723 2410 808 2450 quod
820 2420 854 2449 p.
866 2409 939 2439 246.
955 2411 1018 2440 247
1030 2416 1097 2441 not.
1113 2412 1142 2428 ”

371 2448 450 2496 a.me
465 2468 735 2494 commemoratum
755 2458 1015 2492 Montefficonius
1037 2464 1141 2504 Aegy-

371 2522 423 2555 pto
443 2516 639 2547 tribuendum
662 2515 820 2554 censebat,
858 2519 890 2544 et
910 2524 963 2544 vas
989 2515 1083 2545 fictile
1108 2517 1141 2545 in

371 2569 469 2597 insula
481 2569 685 2609 Melim71767
699 2565 861 2603 effossum,
892 2567 974 2606 quod
997 2565 1142 2598 castellus

371 2619 407 2648 de
418 2619 628 2649 Turn-Mucia
644 2618 770 2648 exhibet
782 2629 814 2658 p.
826 2621 887 2650 298
905 2618 965 2658 (ed.
977 2623 996 2650 2
1009 2631 1040 2660 p.
1052 2617 1138 2662 324).

1210 1052 1242 1093 3)
1273 1054 1403 1084 Gemma
1427 1053 1564 1094 gnostica
1591 1055 1711 1088 Graece
1735 1059 1880 1100 inscripta
1901 1055 1984 1100 apud

1208 1105 1436 1144 Hamakerum,
1473 1107 1606 1139 Miscell.
1632 1110 1694 1140 tab.
1721 1111 1741 1141 4
1766 1121 1819 1142 no.
1843 1114 1884 1143 28
1903 1112 1925 1142 b
1951 1116 1984 1142 et

1209 1159 1241 1198 p.
1264 1162 1337 1190 163.
1384 1159 1437 1190 Cf.
1454 1170 1511 1190 nos
1529 1171 1561 1201 p.
1579 1162 1642 1192 3³4
1656 1168 1723 1194 not.
1738 1163 1774 1201 †.

1276 1235 1328 1276 12)
1351 1237 1604 1278 Inscriptionibns
1623 1249 1676 1271 no.
1696 1243 1712 1270 1
1722 1258 1764 1265 —
1774 1227 1816 1273 ³70
1829 1242 1985 1273 addendae

1209 1293 1283 1319 sunt
1304 1288 1335 1329 1)
1351 1299 1406 1320 no.
1417 1290 1524 1327 ⁴obis‚
1541 1294 1583 1323 87
1592 1292 1653 1330 bis,
1669 1295 1779 1325 enar.
1825 1293 1858 1335 2)
1873 1294 1984 1326 Carth.

1211 1343 1263 1370 11.
1289 1344 1340 1372 12.
1365 1344 1415 1372 13.
1453 1343 1582 1373 Numid.
1609 1347 1646 1381 8,
1682 1345 1722 1376 de
1751 1335 1864 1387 quibus
1885 1345 1986 1387 agitat

1209 1393 1376 1431 appendice
1391 1395 1523 1423 secunda
1537 1394 1581 1434 (p.
1591 1395 1655 1426 4⁴9
1663 1396 1758 1437 sqq.);
1785 1397 1818 1438 ὃ)
1827 1399 1985 1438 inscriptio

1210 1444 1243 1472 in
1268 1444 1362 1473 latere
1391 1444 1579 1484 Babylonico
1606 1457 1660 1477 no.
1684 1451 1746 1486 77,
1792 1450 1884 1490 quam
1909 1461 1982 1482 vere

1210 1494 1406 1526 Phoeniciam
1421 1507 1486 1526 esse
1500 1499 1737 1530 monstravimus
1752 1507 1785 1541 p:
1796 1502 1878 1533 461:
1897 1503 1983 1534 con—

1212 1552 1259 1576 tra
1282 1558 1322 1577 ex
1341 1548 1453 1579 horum
1474 1560 1604 1580 numero
1625 1552 1789 1584 eximenda
1811 1554 1918 1586 Carth.
1944 1550 1984 1587 fo

1211 1610 1264 1630 no.
1282 1603 1322 1632 55
1333 1623 1341 1637 ,
1373 1612 1466 1641 quam
1479 1603 1562 1633 tituli
1578 1604 1750 1645 Tuggensis
1763 1608 1983 1649 apographum,

1210 1652 1302 1692 idque
1321 1654 1450 1693 pessime
1471 1655 1587 1686 factum
1597 1677 1609 1695 ,
1637 1667 1702 1688 esse
1721 1665 1829 1699 postea
1848 1662 1985 1692 animad—

1210 1705 1358 1735 vertimus
1386 1706 1439 1746 (p.
1469 1707 1564 1748 464).
1605 1727 1643 1732 -
1696 1710 1847 1743 Consulto
1881 1720 1984 1744 autem

1209 1757 1299 1786 omisi
1344 1765 1451 1799 septem
1495 1761 1708 1802 inscriptiones
1750 1764 1931 1796 Melitenses
1965 1778 1983 1796 a

1211 1807 1340 1840 Caerello
1361 1809 1397 1840 de
1416 1811 1515 1842 Turre
1525 1815 1633 1844 Mucia
1655 1825 1688 1855 p.
1706 1816 1779 1847 294.
1797 1820 1859 1848 295
1876 1816 1946 1858 (ed.
1963 1822 1982 1849 2

1208 1871 1240 1901 p.
1259 1865 1332 1893 319.
1351 1862 1426 1903 320)
1450 1864 1615 1903 exhibitae,
1638 1868 1751 1908 quippe
1765 1880 1855 1909 quae,
1878 1870 1984 1901 Phoe-

1209 1914 1307 1944 niciae
1330 1915 1453 1954 quidem
1483 1918 1537 1946 sed
1557 1923 1619 1948 tam
1640 1919 1719 1948 male
1742 1921 1793 1950 vel
1815 1922 1982 1963 insculptae

1208 1965 1325 1996 fuerint
1333 1968 1383 1997 vel
1393 1967 1487 2007 (quod
1495 1969 1610 2010 malim)
1620 1971 1789 2012 descriptae
1799 1974 1871 2011 sint,
1880 1979 1917 2003 ut
1924 1975 1982 2015 legi

1209 2028 1332 2058 prorsus
1356 2022 1569 2060 nonpossint.
1616 2023 1799 2063 Quanquam
1823 2025 1980 2056 fatendum

1210 2075 1274 2107 est,
1305 2071 1395 2101 etiam
1419 2073 1450 2102 in
1476 2079 1581 2104 nostra
1603 2075 1716 2116 sylloge
1732 2077 1894 2107 nonnullas
1917 2089 1982 2108 esse

1211 2121 1295 2162 (cit.
1312 2126 1343 2154 9.
1362 2126 1412 2155 19.
1431 2127 1484 2155 27.
1505 2125 1584 2166 28),
1622 2127 1659 2157 de
1679 2138 1809 2168 quarum
1831 2129 1983 2170 interpre-

1208 2175 1321 2205 tatione
1344 2176 1563 2222 despersndum
1589 2185 1666 2210 erat.

1277 2254 1327 2295 13)
1343 2255 1562 2296 Inscriptiones
1575 2267 1648 2288 vere
1654 2258 1838 2290 Phoenic-iae
1851 2261 1982 2301 ineditae

1209 2312 1280 2337 sunt
1302 2307 1444 2348 Carthag-
1469 2312 1519 2339 11.
1549 2313 1599 2340 12.
1629 2313 1666 2341 13
1691 2310 1743 2351 (v.
1768 2314 1901 2353 append,
1925 2313 1977 2354 2).

1209 2350 1337 2390 Numid.
1354 2362 1386 2390 5.
1408 2363 1436 2390 6.
1453 2363 1484 2390 7.
1506 2364 1525 2391 8
1537 2384 1545 2399 ‚
1571 2373 1681 2402 gemm.
1699 2366 1752 2394 67.
1769 2366 1809 2395 67
1823 2359 1888 2402 bis,
1912 2366 1983 2405 qui-

1209 2412 1266 2441 bus
1293 2412 1409 2442 accedit
1434 2411 1564 2452 decima,
1602 2416 1754 2446 Arameo
1768 2433 1785 2438 —
1799 2417 1984 2457 Aegyptiace

1210 2474 1262 2492 no.
1293 2467 1354 2502 72,
1394 2463 1548 2495 undecimss
1572 2466 1691 2507 Libyca
1711 2478 1764 2497 no.
1787 2470 1840 2499 85.
1886 2470 1982 2499 Numi

1210 2516 1316 2546 inediti
1329 2522 1401 2546 sunt
1414 2517 1447 2546 in
1459 2523 1582 2548 moneta
1595 2520 1791 2550 Ptolemaidis
1809 2521 1869 2551 litt.
1884 2522 1900 2551 1
1910 2544 1919 2559 ‚
1950 2523 1982 2552 in
2004 2563 2012 2565 -

1209 2568 1455 2600 Mmthensibus
1492 2570 1552 2600 litt.
1587 2571 1631 2601 H.
1659 2572 1686 2602 Ι.
1715 2572 1745 2602 K
1757 2595 1765 2610 ,
1807 2574 1839 2602 in
1867 2574 1982 2616 Ciliciis

1207 2620 1268 2650 litt.
1286 2621 1329 2651 K.
1346 2622 1393 2652 M.
1411 2623 1454 2661 Q.
1474 2623 1514 2652 11.
