2242 2976
438 236 498 269 DE
518 234 907 269 INSCRIPTIONIBUS
930 234 1163 269 NUMIDICIS
1186 235 1336 268 SEXTA
1355 235 1415 269 ΕΤ
1437 236 1641 272 SEPTIMA.
1779 239 1856 279 445

356 335 386 364 2.
431 331 467 363 In
488 331 627 370 formae
645 330 837 369 femininae
866 341 944 370 usu,
981 332 1122 363 maxime
1158 332 1190 362 in
1221 331 1403 373 praedicato
1437 339 1468 364 et
1498 332 1555 365 ubi
1584 333 1719 366 verbum
1748 333 1856 378 paullo

227 390 382 421 remotius
405 395 454 420 est
475 398 495 419 a
516 387 735 427 substantivo,
766 388 930 430 parciores
951 398 1023 420 esse
1041 386 1238 428 Phoenices,
1268 389 1406 421 vidimus
1427 390 1468 422 ad
1483 388 1545 422 Cit.
1561 393 1612 430 23,
1627 394 1657 423 3.
1681 389 1808 434 Tripol.
1825 394 1854 423 1.

680 636 1090 670 ΑΡΡΕΝΒΙΧ
1143 608 1404 682 pRiMA.

370 725 440 762 DE
467 722 897 761 INSCRIPTIONIBUS
923 722 1188 762 NUMIDICIS
1215 725 1380 762 SEXTA
1406 725 1473 762 ET
1499 725 1717 764 SEPTIMA

924 817 973 850 (ad
997 825 1058 853 pag.
1079 819 1131 844 213
1138 817 1157 850 ).

354 912 382 941 1.
425 908 518 940 Duae
547 907 608 940 hae
637 907 865 949 inscriptiones
896 908 1055 948 ineditae,
1093 915 1161 940 tum
1192 909 1369 951 scripturae
1391 920 1510 953 genere
1533 917 1599 950 tum
1622 909 1769 943 formulis
1792 910 1855 943 sibi

227 965 398 998 admodum
421 964 564 1003 similes,
595 975 637 996 ex
659 964 796 1006 imperIo
819 962 990 995 Tunetano
1014 975 1115 1007 nuper
1135 965 1305 998 admodum
1319 966 1359 998 ab
1374 966 1522 1006 homine,
1546 968 1579 998 ni
1594 966 1700 1007 fallor,
1722 967 1855 1007 Iudaeo,

225 1032 334 1054 rerum
357 1022 559 1063 antiquarum
583 1026 780 1058 mercatore,
810 1020 844 1050 in
863 1018 989 1050 Italiam
1012 1012 1262 1062 transportatae,
1294 1029 1343 1061 et,
1380 1030 1547 1066 postquam
1569 1023 1764 1056 Hollandiae
1786 1025 1857 1066 regi

226 1078 348 1111 frustra
368 1087 486 1108 venum
508 1075 635 1108 oblatae
657 1081 766 1114 erant,
794 1076 828 1106 in
851 1074 1002 1107 Museum
1025 1074 1260 1115 Borbonicum‚
1283 1079 1367 1120 quod
1383 1078 1522 1121 Neapoli
1539 1087 1604 1119 est,
1628 1080 1752 1112 delatae
1769 1087 1854 1112 sunt.

225 1133 455 1178 Apographum
476 1142 587 1164 earum
608 1142 651 1163 ex
673 1130 766 1162 ltalia
786 1132 989 1174 impetratum
1012 1142 1055 1163 ex
1084 1131 1211 1164 schedis
1239 1132 1348 1165 Musei
1376 1134 1604 1177 Lugdunensis
1632 1136 1713 1168 mihi
1735 1138 1857 1178 primus

225 1192 314 1224 dedit
334 1189 384 1222 Cl.
401 1190 596 1222 Leemana:·
611 1189 663 1220 cui
685 1187 835 1230 exemplo
857 1199 954 1230 quum
977 1189 1012 1219 in
1035 1187 1198 1220 nonnullis
1222 1188 1417 1229 diffiderem,
1440 1197 1552 1233 ectypa
1573 1193 1715 1233 ipsarum
1735 1202 1857 1235 gypsea

226 1248 374 1280 obtinere
396 1246 506 1278 studui
534 1245 725 1287 tandemque
757 1255 796 1276 ea
817 1246 988 1286 impetrare
1012 1246 1156 1287 contigit.
1211 1244 1318 1282 Quum
1341 1253 1446 1277 autem
1471 1248 1551 1278 cista
1573 1247 1613 1278 ad
1635 1258 1686 1279 me
1707 1250 1805 1280 missa
1820 1249 1854 1280 in

226 1305 341 1335 itinere
370 1303 425 1334 diu
458 1301 674 1334 retardaretur
707 1312 829 1344 egoque
861 1302 1108 1333 commentarios
1138 1312 1227 1333 meos
1257 1313 1299 1334 ex
1328 1301 1429 1334 solius
1459 1302 1638 1345 apographi
1666 1305 1856 1336 auctoritate

226 1360 366 1403 pendere
392 1357 528 1396 nollem,
554 1359 589 1390 in
611 1358 818 1401 appendicem
841 1368 897 1389 eos
919 1359 1053 1389 reiicere
1074 1359 1225 1400 oportuit.
1253 1376 1295 1382 —-
1329 1358 1447 1401 Lapis,
1478 1360 1529 1390 cui
1552 1365 1720 1402 utrumque
1744 1370 1857 1391 monu-

226 1423 369 1449 mentum
407 1414 601 1458 insculptum
633 1421 700 1454 est,
737 1413 948 1455 Travertinus
980 1421 1031 1446 est
1064 1415 1098 1446 in
1129 1413 1194 1446 illis
1223 1415 1410 1458 regionibus
1444 1417 1522 1447 satis
1550 1415 1712 1459 frequens.
1762 1416 1856 1448 Prius

228 1475 302 1514 (no.
325 1473 367 1515 6)
398 1472 539 1504 sedecim
567 1471 684 1514 digitos
712 1481 882 1503 mensurae
912 1470 1131 1503 Berolinensis
1154 1470 1271 1511 altum,
1304 1472 1453 1504 undecim
1476 1471 1577 1504 latum
1599 1479 1668 1511 est,
1698 1474 1856 1515 posterius

227 1530 406 1562 octodecim
428 1527 549 1567 altum,
579 1528 748 1559 duodecim
769 1527 867 1559 latum
891 1534 956 1559 est:
987 1529 1151 1570 utriusque
1174 1529 1335 1561 crassities
1353 1527 1514 1560 latitudini
1529 1529 1597 1560 fere
1614 1528 1767 1571 aequalis.
1811 1528 1855 1567 ls,

228 1588 282 1620 cui
302 1596 400 1618 vacca
421 1584 592 1627 insculpta,
612 1583 695 1626 lapis
709 1585 742 1615 in
760 1584 866 1616 medio
888 1583 1008 1615 fractus
1031 1590 1094 1615 est:
1124 1590 1156 1615 at
1178 1583 1365 1617 testificatus
1385 1592 1451 1624 est,
1478 1586 1532 1628 qui
1546 1584 1686 1627 lapidem
1702 1585 1856 1624 vendidit,

228 1644 309 1676 haec
330 1644 426 1675 unius
448 1641 648 1673 monumenti
669 1640 849 1683 fragmenta
871 1651 954 1679 esse,
979 1651 1081 1683 neque
1104 1648 1153 1672 est
1175 1642 1259 1683 quod
1281 1640 1342 1673 hoc
1364 1643 1397 1673 in
1419 1641 1517 1673 dubio
1533 1652 1702 1684 ponamus.
1747 1640 1856 1673 Unum

229 1699 370 1732 dubitari
393 1708 487 1741 posse
509 1698 655 1736 videtur,
687 1707 728 1727 an
748 1697 842 1727 tertia
864 1697 1020 1738 quaedam
1045 1707 1146 1739 eaque
1165 1698 1310 1740 superior
1331 1696 1448 1740 lapidis
1462 1709 1556 1741 pars,
1587 1697 1761 1730 humanam
1774 1698 1858 1730 forte

228 1756 367 1800 figuram
398 1755 582 1792 continens,
618 1754 766 1796 perierit,
805 1763 900 1796 quam
933 1754 1152 1786 coniecturam
1188 1755 1322 1786 suadere
1353 1756 1478 1797 possint
1505 1762 1571 1786 tum
1602 1753 1726 1796 lapides
1755 1755 1859 1786 nostri

229 1813 394 1846 Numidici
422 1817 552 1853 quartus
583 1816 615 1841 et
645 1810 820 1851 septimus,
859 1815 925 1841 tum
948 1817 1156 1842 monumenta
1178 1811 1333 1853 quaedam
1355 1810 1443 1843 illius
1466 1812 1608 1854 regionis
1629 1810 1781 1843 illiterata
1804 1813 1858 1851 (v.

229 1881 302 1913 pag.
333 1868 428 1915 210)ζ
476 1866 626 1899 Genuina
655 1873 761 1898 autem
796 1876 868 1898 esse
899 1865 978 1898 haec
1007 1873 1213 1898 monumenta
1243 1874 1274 1898 et
1303 1878 1346 1899 ex
1375 1858 1627 1910 ipsa'Numidia
1648 1867 1763 1907 allata,
1801 1868 1858 1899 vix

230 1925 406 1963 dubitabit,
444 1925 499 1967 qui
530 1930 562 1955 et
591 1923 767 1965 scripturae
804 1922 944 1954 indolem
979 1925 1183 1966 cognoverit,
1222 1930 1254 1955 et
1283 1923 1400 1955 horum
1425 1923 1566 1966 lapidum
1597 1926 1755 1967 imagines
1785 1934 1858 1956 cum

230 1982 445 2016 monumentis
466 1979 739 2022 Lugdunensibus
763 1989 863 2022 prope
887 1978 1029 2011 Vaccam
1053 1980 1218 2012 Siccamve
1240 1982 1374 2022 repertis
1397 1983 1644 2023 comparaverit:
1669 1982 1722 2013 cui
1736 1981 1859 2012 accedit

230 2040 314 2083 quod
343 2039 417 2071 saxi
446 2047 548 2080 genus
572 2036 683 2078 (cuius
703 2047 836 2078 parvum
859 2037 1021 2078 specimen
1043 2037 1083 2068 ad
1106 2047 1158 2068 me
1181 2038 1316 2069 missum
1339 2038 1408 2080 est)
1431 2050 1561 2081 prorsus
1582 2040 1668 2071 idem
1690 2045 1740 2069 est
1762 2044 1857 2079 atque

229 2099 263 2129 in
285 2093 570 2139 Lugdunensibus.

357 2170 386 2198 2.
430 2165 573 2197 Litterae
595 2164 628 2194 in
649 2163 852 2202 universum,
885 2171 919 2195 ut
942 2164 1101 2203 diximus,
1139 2165 1269 2196 eaedem
1293 2172 1385 2204 sunt,
1423 2176 1503 2208 quae
1526 2167 1559 2197 in
1588 2165 1719 2207 reliquis
1742 2173 1856 2195 monu-

231 2225 349 2257 mentis
378 2221 559 2254 Numidicis
587 2220 799 2261 reperiuntur.
852 2219 916 2251 Sed
946 2222 1026 2252 duae
1056 2228 1163 2253 tamen
1192 2223 1226 2253 in
1255 2221 1296 2253 iis
1325 2233 1428 2253 novae
1450 2228 1525 2254 sunt
1547 2228 1578 2253 et
1600 2220 1763 2262 amplioris
1788 2220 1857 2251 fere

229 2301 400 2342 indaginis.
443 2297 519 2330 Una
542 2304 590 2328 ter
612 2295 708 2328 obvia
731 2303 780 2328 est
816 2274 863 2363 ζ
900 2297 960 2336 VI,
983 2297 1040 2329 lin.
1063 2301 1082 2329 2
1103 2297 1163 2330 litt.
1184 2300 1215 2330 6.
1245 2297 1302 2331 lin.
1327 2302 1345 2332 5
1374 2297 1432 2330 litt.
1456 2302 1486 2329 2.
1517 2297 1591 2335 VII,
1621 2296 1678 2329 lin.
1702 2300 1722 2328 2
1743 2296 1802 2328 litt.
1824 2299 1855 2336 5,

232 2377 402 2409 inanifesto
433 2372 659 2416 distinguenda
689 2379 755 2404 tum
787 2385 806 2405 a
835 2373 937 2407 Sclu‘n
959 2374 1082 2414 littera,
1117 2386 1198 2418 quae
1219 2378 1346 2419 propria
1368 2387 1425 2407 sua
1447 2374 1552 2417 figura
1574 2376 1673 2406 octies
1696 2379 1857 2415 comparet

232 2433 293 2471 VI,
314 2432 373 2465 lin.
397 2436 412 2464 1
435 2431 496 2465 litt.
520 2435 558 2471 8,
589 2432 645 2464 lin.
669 2435 688 2464 3
711 2431 770 2464 litt.
795 2435 832 2470 2,
870 2431 926 2464 lin.
950 2436 972 2463 4
994 2430 1054 2463 litt.
1077 2434 1116 2471 6,
1156 2431 1213 2463 lin.
1236 2435 1254 2465 5
1275 2431 1335 2464 litt.
1359 2437 1397 2470 4,
1435 2430 1510 2470 VII,
1533 2430 1590 2462 lin.
1615 2434 1630 2462 1
1665 2429 1726 2461 litt.
1751 2433 1780 2462 8.
1801 2431 1854 2468 20,

232 2489 288 2522 lin.
312 2493 331 2521 2
352 2489 410 2521 litt.
434 2491 464 2521 7.
489 2493 547 2529 12,
578 2497 610 2521 et
632 2488 740 2532 paullo
763 2490 884 2521 maiore
906 2488 968 2528 VI,
991 2487 1048 2520 lin.
1071 2491 1090 2520 3
1112 2487 1171 2520 litt.
1193 2492 1224 2520 4.
1248 2492 1306 2527 13,
1338 2495 1403 2519 tum
1426 2499 1445 2519 a
1467 2487 1559 2519 Zade
1580 2486 1639 2526 IV,
1662 2486 1719 2518 lin.
1745 2490 1777 2525 2,
1803 2488 1854 2518 10.

232 2546 298 2578 lam
313 2557 408 2589 snpra
433 2546 480 2588 (p.
496 2548 564 2579 324.
579 2547 660 2587 326)
683 2546 943 2584 observavimus,
967 2555 1036 2576 eam
1060 2546 1178 2587 pariter
1200 2552 1293 2588 atque
1312 2543 1509 2582 simillimam
1525 2545 1682 2586 quandam
1698 2544 1730 2574 in
1750 2543 1856 2574 numis

171 2644 176 2646 -
234 2602 424 2647 Sigensibus
439 2601 575 2635 samech
597 2604 713 2646 (idque
725 2603 862 2635 subinde
878 2614 935 2645 pro
951 2601 1013 2634 Sin
1027 2603 1164 2645 positum
1181 2601 1237 2632 lib.
1252 2600 1299 2633 lv
1317 2603 1345 2640 §-
1360 2601 1420 2642 24)
1437 2611 1525 2640 esse,
1550 2607 1581 2632 et
1603 2599 1698 2631 facile
1711 2605 1853 2643 apparet,
