2242 2976
354 307 431 345 284
500 303 632 338 LIBER
654 300 856 334 TERTIUS.
897 299 958 332 DE
981 298 1123 333 NUMIS
1145 297 1405 331 Pnomlcns.
1450 296 1600 332 CAPUT
1621 298 1878 333 SECUNDUM.

356 402 378 433 i.
402 411 431 432 e.
458 410 513 441 per
536 407 669 434 navem,
704 394 755 426 vel
786 405 842 436 per
871 404 982 426 naves.
1026 394 1153 425 Etenim
1177 394 1348 429 secundam
1376 393 1501 436 primae
1523 393 1614 424 vocis
1641 391 1779 425 litteram
1803 392 1883 425 Zain
1906 403 1978 425 esse

357 456 403 488 nil
432 454 560 492 dubito,
598 452 694 494 idque
722 452 964 493 antiquissimae
993 449 1081 482 illius
1112 450 1256 490 formae,
1293 450 1378 482 unde
1410 448 1527 481 Graeci
1558 447 1639 480 Zeta
1665 448 1827 480 faciebant
1853 448 1932 491 (lib.
1962 448 1979 480 1

354 514 382 551 ς.
414 511 483 552 18).
538 517 612 543 τήτῃ
653 516 759 539 autem
791 507 876 539 idem
907 506 1096 539 vocabulum
1126 514 1175 538 est
1203 514 1297 549 atque
1328 513 1414 550 *rim
1453 507 1486 537 in
1512 506 1617 537 numis
1646 503 1685 537 A.
1715 504 1752 536 B.
1810 503 1891 537 Cum
1921 504 1991 537 hac·

356 565 530 610 epigraphe
561 565 643 597 bene
673 565 821 607 congruit
849 563 962 601 stella,
1000 574 1091 607 quam
1124 564 1172 594 vir
1199 572 1282 606 pone
1314 573 1442 595 currum
1472 562 1624 593 incedens
1661 560 1713 592 vel
1743 571 1840 593 mann
1867 559 1919 593 vel
1946 562 1995 609 in*

356 622 471 656 baculo
495 632 570 664 prae
593 632 628 654 se
651 621 729 660 fert,
763 631 858 664 qnam
890 620 977 652 Iovis
1004 622 1028 652 i.
1051 630 1079 653 e.
1110 619 1270 652 Fortunae
1299 618 1426 652 stellam
1453 629 1525 650 esse
1548 618 1736 662 putaverim.
1781 616 1868 650 Vide
1889 609 2006 661 snpraa

360 689 489 712 numum
511 678 554 711 A.
1075 716 1080 718 μ

1126 718 1217 751 vlu,
1283 734 1294 744 .

682 777 1028 811 INCERTAE
1066 777 1390 828 qILIclAE
1432 775 1656 810 URBES.

488 848 531 880 H.
576 848 647 881 Leo
666 857 794 879 cervum
817 846 987 879 devorant.
1017 846 1129 889 Epigr.
1152 845 1276 881 Βᾶτε-«95.
1312 845 1339 888 )(
1375 845 1453 877 Sine
1475 845 1589 877 forma.
1632 844 1683 877 Ex
1707 843 1856 888 exemplo
1877 843 1985 877 Musei

359 905 549 938 Britannici.
593 903 629 936 ln
654 902 726 935 aliis
747 914 861 934 aversa
883 902 981 935 habet
1001 903 1177 935 Herculem
1199 902 1245 934 ad
1265 913 1310 941 m,
1333 902 1458 934 dextra
1473 902 1616 941 clavam,
1639 912 1664 934 ο.
1682 911 1802 933 arcunt-
1846 899 1987 932 Pellerin

359 962 427 1002 111,
456 962 500 1005 pl.
526 965 586 993 122
609 972 662 992 no.
687 963 727 991 10
756 959 831 1002 (ubi
861 967 968 992 tamen
999 959 1176 1003 epigraphe
1205 958 1289 990 male
1317 960 1403 1002 picta
1425 958 1503 1000 est).
1545 957 1694 990 Mionnet
1716 957 1758 990 Τ.
1779 956 1828 990 111
1855 968 1887 1000 p.
1909 958 1984 997 663,

362 1030 414 1051 no.
439 1021 512 1051 647.
536 1020 599 1049 649
622 1016 684 1060 (pl.
708 1015 811 1048 XXII
836 1026 887 1047 no.
902 1019 956 1048 20.
975 1017 1054 1057 21),
1084 1015 1140 1048 ubi
1163 1017 1197 1047 in
1219 1014 1321 1047 altero
1345 1013 1492 1057 exemplo
1515 1022 1564 1046 est
1585 1015 1678 1049 ἕπει»
1700 1016 1770 1046 sine
1793 1014 1823 1049 b·

488 1073 671 1117 Epigraphe
700 1073 733 1104 in
763 1071 919 1114 exemplis
950 1071 1186 1103 Parisiensibus
1216 1078 1247 1102 et
1267 1071 1469 1102 Londinensi
1491 1071 1661 1102 admodum
1685 1071 1833 1102 distincta
1853 1069 1985 1116 διψῇ,

362 1133 453 1167 brawa
482 1130 565 1162 hanc
595 1136 756 1161 monetam
785 1129 905 1159 indicat
933 1129 967 1159 in
997 1126 1132 1159 Ciliciae
1163 1128 1298 1170 quadam
1327 1126 1407 1158 urbe
1436 1127 1530 1162 δυ’»
1562 1125 1723 1169 (tumulus
1745 1125 1878 1168 Baalis)
1901 1126 1987 1158 dicta

363 1199 472 1220 cusam
502 1196 590 1218 esse:
627 1186 683 1217 sed
714 1185 874 1227 quomodo
904 1183 983 1215 haec
1011 1195 1037 1228 a
1059 1183 1193 1215 Graecis
1220 1182 1418 1225 appelletur,
1450 1183 1573 1214 discere
1595 1181 1699 1222 malo,
1737 1193 1832 1225 quam
1853 1183 1985 1214 docere:

363 1255 459 1287 quum
482 1249 514 1274 et
535 1242 688 1274 adversae
711 1248 742 1272 et
764 1250 897 1272 aversae
919 1247 1012 1282 typus
1034 1238 1180 1281 pluribus
1203 1240 1272 1271 eius
1294 1239 1436 1282 regionis
1461 1238 1593 1270 urbibus
1616 1240 1794 1285 communis
1807 1239 1857 1270 sit.
1900 1237 1986 1270 Num
2055 1243 2058 1246 ⁴

362 1299 446 1332 forte
479 1298 560 1331 Olba
581 1304 630 1329 est
660 1296 759 1337 (Ιόαῐ
777 1297 898 1327 sensim
920 1302 1041 1327 mutato
1064 1296 1096 1327 in
1124 1295 1246 1338 olba),
1281 1306 1322 1327 an
1344 1294 1563 1334 Anazarbus,
1594 1305 1676 1338 quae
1701 1301 1833 1337 utraque
1854 1293 1932 1326 urb·
1952 1295 1987 1326 in

363 1362 471 1388 monte
493 1355 555 1385 sita
578 1352 668 1384 erati
694 1371 732 1376 —
770 1351 976 1384 Hamakerus
997 1353 1031 1384 in
1056 1351 1194 1384 Miscell.
1219 1363 1249 1395 p.
1268 1354 1309 1384 45
1333 1351 1415 1383 hanc
1438 1350 1635 1394 epigraphen
1655 1357 1793 1383 tractans
1814 1349 1990 1383 secundam

363 1411 503 1444 nominis
525 1410 646 1452 proprii
667 1407 807 1441 litteram
830 1407 954 1441 Graeco
976 1410 1010 1440 N
1029 1407 1166 1441 similem
1190 1409 1286 1440 etiam
1308 1409 1341 1440 in
1367 1407 1427 1439 hac
1446 1407 1625 1440 litteratura
1645 1407 1724 1440 Num
1738 1418 1809 1440 esse
1826 1406 1990 1439 contendit

364 1475 397 1500 et
428 1477 545 1510 magno
576 1472 731 1508 apparatu
762 1465 1012 1497 demonstratum
1041 1465 1082 1505 it,
1121 1465 1178 1497 sed
1208 1466 1406 1508 argumentis
1436 1475 1512 1497 usus
1541 1465 1581 1497 ad
1610 1463 1746 1496 nihilum
1768 1462 1988 1503 redeuntibus,

367 1528 545 1567 quanquam
568 1523 635 1564 ipse
658 1521 739 1553 hanc
758 1523 827 1553 eius
840 1520 965 1553 litterae
981 1528 1168 1564 potestatem
1183 1522 1228 1553 ita
1241 1521 1393 1564 probasse
1407 1520 1470 1553 sibi
1486 1521 1620 1560 videtur,
1644 1528 1704 1560 „ut
1719 1519 1801 1552 nihil
1815 1520 1855 1552 ad
1870 1526 1988 1551 certam

366 1582 414 1613 rei
436 1578 740 1611 demonstrationem
763 1578 880 1609 desit.“
923 1577 1080 1609 Provocat
1102 1579 1152 1609 vir
1175 1578 1286 1610 doctus
1318 1581 1350 1618 1)
1375 1578 1415 1609 ad
1437 1579 1532 1609 inscr.
1556 1576 1687 1609 Numid.
1710 1580 1730 1609 3
1751 1575 1809 1608 lin.
1829 1580 1848 1607 2
1871 1574 1932 1607 litt.
1956 1578 1986 1616 1,

365 1635 422 1669 ubi
445 1635 541 1667 huius
561 1634 688 1666 litterae
712 1635 860 1665 inversae
883 1633 1066 1676 exemplum
1088 1635 1146 1665 sit:
1175 1634 1232 1665 sed
1254 1632 1316 1665 hoc
1337 1635 1463 1676 signum
1486 1633 1581 1676 plane
1604 1634 1765 1665 diversum
1789 1631 1891 1664 schin
1905 1642 1987 1670 esse,
2002 1636 2012 1649 ¹

366 1703 450 1724 nunc
479 1692 633 1733 expositis
663 1691 838 1732 scripturae
869 1688 1058 1721 Numidicae
1085 1688 1211 1733 legibus
1238 1700 1333 1722 nemo
1362 1689 1539 1727 ddbitabit3
1577 1691 1609 1730 2)
1638 1689 1679 1720 ad
1708 1688 1812 1720 Melit.
1835 1691 1865 1727 3,
1886 1687 1944 1720 lin.
1967 1691 1988 1720 2

365 1749 423 1781 litt.
445 1755 545 1786 extr.,
575 1746 632 1779 ubi
654 1746 715 1778 hoc
738 1747 883 1790 signum,
913 1753 948 1778 ut
969 1745 1066 1785 alibi,
1095 1745 1163 1778 ,1οά
1183 1757 1273 1785 esse,
1302 1754 1338 1777 et,
1356 1745 1535 1778 Hamakeri
1557 1744 1803 1788 explicationem
1826 1744 1903 1776 ferri
1925 1755 1990 1776 non

367 1815 475 1847 posse,
514 1814 610 1846 supra
640 1803 778 1834 vidimus
809 1801 903 1845 (pag.
935 1805 1007 1835 107.
1038 1802 1136 1844 108);
1176 1803 1209 1844 3)
1234 1803 1275 1834 ad
1304 1812 1418 1834 numos
1448 1809 1592 1841 nostros,
1628 1812 1761 1845 quarum
1792 1800 1989 1844 epigraphen

366 1860 446 1903 legit
466 1863 563 1894 59:2³⁹
585 1859 751 1903 (ὲξςξᾏξ),
781 1860 850 1891 sive
882 1860 944 1890 viri
973 1869 1089 1891 nomen
1117 1860 1280 1901 proprium
1302 1860 1345 1890 sit
1375 1857 1508 1898 (oculus
1531 1857 1680 1899 Baalis),
1709 1859 1779 1889 sive
1800 1857 1865 1889 loci
1895 1857 1990 1897 (som

370 1915 518 1957 Baalie).
562 1916 626 1947 Sed
656 1903 748 1949 §.wasa
777 1926 843 1947 non
872 1915 978 1947 minus
1000 1922 1107 1958 aptum
1130 1926 1202 1947 esse
1226 1926 1341 1946 nomen
1364 1916 1531 1957 proprium·
1549 1913 1613 1946 loci
1642 1914 1723 1955 (viri
1746 1908 1861 1946 nomen
1882 1915 1916 1946 in
1939 1913 1990 1947 his

370 1973 473 2004 numis
501 1973 558 2003 vix
586 1973 790 2014 exspectes),
828 1983 922 2003 nemo
951 1971 1097 2014 negabit:
1129 1971 1216 2003 illius
1245 1979 1350 2003 autem
1379 1972 1464 2014 signi
1493 1977 1632 2013 potestas
1654 1970 1722 2002 Jod
1740 1971 1836 2001 etiam
1860 1969 1990 2001 aliunde

368 2028 414 2059 ita
442 2026 576 2069 probata
605 2035 671 2066 est,
706 2035 741 2059 ut
770 2026 959 2059 dubitationi
989 2019 1093 2059 locus-⁰
1110 2027 1240 2059 relictus
1276 2038 1339 2059 non
1371 2028 1422 2059 sit.
1475 2026 1557 2058 Vide
1595 2027 1697 2069 (quod
1724 2026 1768 2058 ab
1802 2025 1990 2057 Hamakero

369 2082 566 2125 neglectum)
590 2094 704 2115 numos
726 2082 857 2127 Cossur.
879 2083 916 2114 F.
940 2082 979 2114 N.
1002 2083 1032 2114 Ο
1056 2084 1108 2125 (in
1131 2084 1244 2125 mam)
1268 2091 1300 2115 et
1321 2082 1451 2115 Numid.
1474 2086 1495 2114 6
1529 2086 1567 2122 7,
1590 2084 1623 2114 in
1646 2082 1761 2126 quibus
1779 2082 1839 2114 hoc
1861 2083 1989 2124 signum

368 2140 542 2172 identidem
560 2141 722 2181 repetitur.
767 2138 887 2178 Unum,
909 2140 993 2182 quod
1011 2150 1082 2171 cum
1098 2141 1166 2171 veri
1182 2141 1288 2182 specie
1304 2140 1421 2182 opponi
1436 2140 1554 2182 possit,
1578 2139 1640 2171 hoc
1654 2146 1719 2178 est,
1743 2140 1774 2170 in
1791 2139 1869 2180 ipsis
1883 2139 1989 2170 numis

369 2194 493 2227 Ciliciis
514 2196 639 2236 signum
657 2188 731 2227 huic
746 2194 943 2227 simillimum
970 2197 1020 2236 (in
1038 2206 1135 2227 numo
1151 2195 1201 2237 G)
1225 2195 1309 2227 Sasu
1325 2207 1416 2234 esse,
1438 2203 1470 2227 et
1484 2203 1652 2238 propterea
1667 2196 1802 2227 sortasse
1817 2193 1988 2236 legendum

370 2262 442 2284 esse
465 2252 559 2286 59:19
584 2250 722 2296 (bx—⁷339,
745 2253 877 2297 §gn-⁸33)
901 2251 1000 2283 robur
1021 2251 1147 2284 Baulis.
1192 2251 1285 2289 Quod
1299 2263 1478 2294 quanquam
1497 2263 1558 2284 non
1575 2251 1729 2284 absonum
1745 2251 1854 2299 fuefit:
1881 2257 1988 2282 tamen

370 2309 448 2340 duas
471 2306 597 2339 litteras
627 2309 680 2348 (in
700 2307 761 2339 litt.
785 2308 814 2339 G
844 2316 873 2339 et
899 2310 932 2339 in
958 2309 1088 2350 nostro)
1117 2311 1296 2340 accuratius
1326 2319 1514 2351 comparans
1540 2307 1634 2340 facile
1656 2307 1830 2350 intelliget,
1866 2305 1988 2349 figuras

369 2375 479 2396 earum
501 2365 584 2395 inter
606 2374 641 2395 se
663 2363 803 2395 differre.
848 2363 915 2404 (Ad
939 2363 999 2395 litt.
1017 2364 1044 2396 G
1067 2364 1107 2396 cf.
1132 2376 1160 2407 p.
1183 2368 1240 2404 27,
1265 2366 1303 2396 ad
1326 2364 1386 2397 litt.
1402 2364 1435 2396 H
1457 2376 1488 2407 p.
1504 2367 1548 2396 31
1575 2376 1627 2396 no.
1645 2364 1776 2404 16.17).

496 2419 520 2453 Ι.
564 2419 724 2451 Herculeo
740 2419 785 2451 ad
799 2419 971 2458 dextram,
995 2420 1119 2452 dextra
1135 2421 1265 2454 sublata
1279 2422 1421 2460 clavam,
1442 2407 1581 2453 sinistra
1596 2423 1704 2452 nescio
1721 2419 1801 2461 quid
1812 2423 1927 2451 tenens
1949 2419 1987 2462 )(.

370 2476 441 2509 Leo
464 2486 591 2509 cervum
613 2476 797 2518 depascens.
841 2476 951 2518 Epigr.
982 2477 1121 2518 *3⁷:72⁷:52-
1166 2477 1234 2508 ΑΕ.
1278 2477 1330 2510 Ad
1352 2476 1489 2519 exempl.
1522 2476 1623 2508 Paris.
1652 2486 1694 2507 ex
1722 2474 1819 2507 delin.
1842 2474 1990 2507 Hohlen-

368 2532 480 2575 bergii.
523 2532 571 2564 Cf.
594 2532 741 2564 Mionnet
762 2531 784 2563 1.
807 2543 835 2564 c.
860 2543 913 2563 no.
937 2534 1010 2563 645.
1034 2535 1106 2563 646.
1131 2533 1195 2574 (pl.
1218 2537 1269 2571 22,
1292 2544 1345 2565 no.
1364 2537 1416 2565 18.
1435 2532 1506 2575 19).
1550 2531 1688 2563 Pellerin
1713 2531 1734 2562 l.
1759 2543 1785 2563 c.
1810 2543 1862 2563 no.
1883 2534 1913 2564 9.

495 2589 547 2620 Ex
578 2588 678 2619 altero
700 2587 847 2630 exemplo
869 2587 1029 2619 Mionneti
1052 2600 1103 2619 no.
1128 2591 1167 2620 19
1191 2590 1302 2631 repetii
1326 2589 1519 2632 epigraphen
1543 2598 1640 2619 numo
1663 2587 1897 2631 subscriptam,
1928 2588 1987 2620 sub

368 2643 427 2676 litt.
451 2644 466 2676 Ι
488 2645 554 2685 bis,
586 2646 651 2689 '35⁷²
676 2646 779 2685 bamb,
808 2644 865 2676 sed
888 2643 1149 2687 Hohlenbergius
1173 2644 1341 2684 observat,
1372 2647 1560 2688 scripturam
1584 2644 1631 2676 ibi
1654 2645 1784 2677 minime
1806 2645 1985 2676 distinctam
