2242 2976
685 241 731 275 lN
754 242 803 276 IN
804 241 1038 275 SCRIPTION
1040 241 1105 275 EM
1127 241 1414 276 TUGGENSEM.
1793 246 1869 284 457

246 338 303 370 sed
332 347 434 379 neque
464 335 559 368 facile
593 336 701 375 dicas,
733 338 817 369 unde
846 343 950 369 ortum
981 338 1023 369 sit
1051 337 1189 380 quidque
1219 336 1380 380 significet
1409 335 1472 369 tale
1495 346 1632 376 nomeu,
1668 347 1769 381 neque
1793 338 1868 372 huic

243 393 376 426 lectioni
394 399 575 435 congruunt
593 399 740 436 quattuor
760 393 901 435 Libycae
923 394 1140 436 inscriptionis
1162 392 1306 432 litterae,
1337 404 1470 436 quarum
1490 393 1624 426 inferior
1646 405 1720 436 pars
1733 394 1868 439 Houeg-

243 451 314 493 geri
330 448 511 492 exemplum
525 450 678 482 servavit.
707 448 859 492 Suspicor
874 451 984 492 igitur,
1007 457 1042 481 ut
1056 450 1153 492 priori
1170 456 1256 481 certe
1271 449 1463 482 dubitationi
1477 450 1683 489 satisfaciam,
1705 458 1867 483 extremae

243 505 369 538 litterae
399 507 501 549 capite
532 504 641 538 clauso
665 504 845 548 legendum
859 516 931 538 esse
953 515 1038 540 *¹25⁸
1069 504 1086 538 ὁ
1109 506 1220 543 δοῦλος
1250 507 1271 537 i.
1294 515 1321 538 e.
1346 507 1458 544 δοῦλος
1478 509 1540 539 τῶν
1562 509 1646 539 θεῶν
1675 507 1716 539 cf.
1739 508 1780 540 ad
1803 507 1864 541 cit.

244 565 305 602 23,
334 566 362 594 2.
1102 555 1107 561 “
1131 561 1135 565 ’

364 633 468 665 Lin.5
483 633 615 664 ineunte
627 643 677 671 ea,
693 643 774 675 quae
789 642 831 663 ex
839 629 979 674 Templii
993 631 1108 675 figuris
1123 633 1269 675 quamvis
1286 632 1368 664 male
1383 634 1475 676 pictis
1490 634 1555 665 iam
1568 645 1667 676 snpra
1680 634 1864 678 exsculpse-

243 699 365 722 ramus:
389 690 456 724 εὑ»
478 697 524 722 n:
547 697 639 723 flua:
664 689 750 734 (⁸2⁷3
772 699 829 732 nn}
851 689 962 737 ntiae)
985 690 1044 731 **),
1071 690 1155 731 apud
1177 689 1408 732 Honeggerum
1429 693 1597 732 perspicue
1617 690 1784 734 leguntur:
1805 703 1864 724 nec

243 757 306 778 non
337 747 370 777 in
398 745 499 777 altera
527 745 632 777 lineae
655 752 743 788 parte
765 744 858 777 lectio
881 751 991 777 nostra
1012 756 1097 777 novo
1122 745 1270 788 exemplo
1293 745 1520 785 confirmatur,
1555 757 1734 789 quanquam
1758 749 1790 779 in
1813 747 1864 780 his

242 800 468 844 Templiauum
490 808 646 845 praestat,
674 803 708 833 in
732 812 795 844 quo
819 809 892 833 ante
911 802 1024 837 bnon:
1040 792 1130 833 linea
1149 802 1162 842 (
1173 802 1279 843 Zain)
1303 809 1352 834 est
1364 813 1422 844 pro
1436 809 1572 844 puncto,
1594 810 1626 834 et
1641 803 1724 835 duae
1738 802 1863 835 litterae

241 857 351 891 Βοιώ
378 865 411 889 et
443 857 535 901 Caph
564 859 744 890 accuratius
773 859 876 900 pictae
905 865 990 890 sunt.
1033 858 1096 890 Sed
1125 859 1231 890 medio
1260 869 1355 890 versu
1384 860 1467 890 inter
1496 860 1562 893 aba
1593 866 1626 891 et
1653 867 1716 894 ’πη
1745 870 1862 892 novum

233 913 424 958 'exemplum
461 916 606 957 integrae
643 916 732 945 vocis
771 915 908 956 vestigia
936 913 1087 953 exhibet,
1125 925 1217 956 quarn
1249 916 1374 956 quidem
1403 915 1548 958 suppleat
1575 917 1629 959 qui
1659 915 1753 955 velit,
1788 916 1863 948 licet

239 972 405 1013 suspicer,
437 981 508 1002 eam
532 980 649 1002 nornen
672 971 871 1001 continuisse
893 981 936 1001 ex
957 970 1114 1002 adiectivo
1134 972 1200 1006 &572
1224 972 1377 1013 pendens.
1402 991 1440 996 —
1486 971 1593 1004 Versu
1615 976 1712 1004 ,exto
1731 973 1862 1004 ineunte

239 1037 296 1069 pro
319 1034 381 1061 πυ
401 1026 510 1067 (vir),
542 1026 625 1068 quod
646 1026 681 1057 in
703 1024 895 1067 Templiano
917 1025 1065 1067 exemplo
1086 1028 1164 1058 satis
1187 1029 1392 1069 perspicuum
1414 1034 1502 1067 erat,
1534 1029 1616 1070 apud
1632 1028 1859 1071 Honeggerum

240 1094 303 1115 nou
332 1081 424 1115 aliter
452 1081 518 1124 legi
546 1088 650 1124 potest
679 1091 773 1123 quam
803 1089 876 1116 :nn
906 1080 1014 1128 (πῆ-ῃ)
1037 1084 1196 1123 princepe
1225 1083 1273 1123 (si
1302 1084 1397 1114 modo
1427 1085 1540 1115 statuis
1571 1085 1605 1115 in
1633 1083 1733 1116 altera
1754 1084 1861 1116 littera

239 1141 404 1188 sinistrum
427 1148 559 1181 scapum
578 1138 618 1170 de
642 1137 742 1169 nihilo
765 1140 874 1179 esse):
903 1138 986 1180 quod
1010 1138 1051 1168 ad
1073 1139 1267 1169 senteutiam
1292 1149 1354 1170 non
1378 1140 1484 1170 minus
1507 1141 1779 1172 accommodatum
1802 1148 1860 1172 est.

239 1195 277 1228 in
299 1194 507 1238 sequentibus
528 1195 696 1237 perspicua
717 1200 810 1232 sunt,
843 1204 923 1236 quae
945 1194 1010 1225 iam
1033 1194 1157 1235 pridem
1179 1192 1334 1236 legimus,
1367 1202 1478 1229 mmm:
1490 1218 1499 1233 ,
1523 1196 1615 1229 baem
1645 1195 1747 1237 (Beth
1773 1197 1858 1228 enirn

238 1251 365 1283 litterae
389 1249 507 1283 collum
529 1261 572 1283 ex
597 1257 686 1293 parte
709 1250 880 1282 evanuisse
902 1249 1027 1281 videtur
1043 1249 1074 1290 ),
1103 1256 1135 1280 et
1156 1256 1302 1281 extremo
1325 1260 1420 1282 versu
1442 1259 1502 1284 ³72&
1525 1253 1649 1294 37:5⁸³,
1679 1263 1858 1294 quanquam

239 1307 290 1340 bis
312 1309 331 1343 b
352 1308 554 1339 interiectum
577 1306 678 1339 fuisse
700 1306 847 1345 videtur,
878 1306 967 1338 cuius
990 1316 1064 1348 pars
1085 1295 1190 1337 adhuc
1211 1301 1376 1348 superest}
1407 1294 1518 1338 Tertia
1539 1318 1559 1338 a
1582 1306 1647 1339 fine
1671 1318 1733 1339 vox
1748 1309 1780 1338 in
1798 1307 1859 1340 hoc

238 1366 335 1397 etiam
363 1362 534 1406 exemplo,
570 1369 605 1394 ut
632 1364 666 1394 iu
697 1361 910 1405 Templiam,
944 1361 1082 1393 litteram
1105 1361 1203 1394 habet
1222 1363 1306 1394 inter
1329 1371 1351 1407 ⁷².
1375 1370 1406 1395 et
1429 1371 1448 1396 ο
1471 1364 1689 1402 interiectam,
1725 1374 1858 1406 eamque

238 1428 274 1452 ut
295 1421 420 1453 videtur
439 1419 524 1451 Beth
546 1419 630 1462 (non
650 1418 806 1460 Daleth):
828 1417 1000 1461 legendum
1022 1419 1119 1461 igitur
1140 1426 1222 1460 ἵει-ινα
1253 1420 1275 1451 ἰ.
1301 1429 1329 1450 e.
1354 1428 1449 1468 regn:
1473 1419 1740 1451 conculcationes.

363 1490 539 1533 Hucusque
561 1490 638 1522 novi
659 1488 800 1531 exempli
814 1489 986 1520 auctoritas
1001 1489 1166 1530 pristinam
1181 1495 1320 1521 nostram
1335 1488 1504 1521 lectionem
1520 1496 1551 1520 et
1566 1491 1856 1532 interpretationem

238 1546 439 1580 confirmavit
460 1548 584 1589 magis,
615 1557 709 1588 quam
731 1547 801 1577 eius
823 1545 1043 1576 retractandae
1066 1544 1172 1577 locum
1195 1545 1288 1582 fecit,
1317 1546 1434 1577 nedum
1456 1547 1677 1578 necessitatem
1696 1547 1857 1588 imposuit.

239 1604 394 1636 Extremo
418 1609 524 1635 autern
546 1613 660 1641 versu,
682 1603 716 1634 in
742 1612 804 1644 qno
826 1600 1014 1643 refingendo
1037 1612 1133 1643 supra
1155 1601 1206 1644 (p.
1221 1601 1301 1643 191)
1324 1601 1444 1644 aliquid
1460 1603 1640 1634 audendum
1655 1609 1742 1634 ratus
1757 1613 1855 1641 eram,

238 1671 358 1692 novum
381 1658 569 1702 ,exemplum
598 1660 713 1701 partim
743 1656 883 1700 Templii
912 1658 1100 1699 scripturam
1130 1659 1272 1690 maxime
1301 1660 1334 1690 iu
1364 1659 1490 1700 punctis
1518 1669 1613 1690 voces
1636 1657 1857 1690 dirimentibus

238 1715 425 1754 confirmat,
453 1716 567 1757 partim
589 1714 712 1746 litteras
733 1715 873 1746 continet
896 1715 940 1745 ita
961 1715 1163 1756 perspicuas,
1194 1725 1273 1756 quas
1294 1716 1424 1757 insuper
1446 1714 1562 1756 Libyci
1589 1713 1671 1746 tituli
1687 1715 1856 1746 auctoritas

238 1779 365 1810 tuetur,
401 1778 436 1803 ut
461 1771 502 1803 ab
530 1770 592 1803 hac
613 1770 752 1802 lectione
775 1770 938 1802 discedere
961 1769 1075 1813 religio
1098 1770 1191 1802 nobis
1214 1772 1266 1802 sit.
1312 1769 1437 1802 Novam
1462 1772 1558 1814 igitur
1580 1779 1611 1802 et
1632 1770 1801 1802 lectionem
1825 1778 1856 1803 et

237 1829 530 1870 interpretationem
559 1828 737 1859 instituturi
766 1826 928 1858 ordiamur
957 1825 997 1857 ab
1027 1825 1130 1857 altera
1163 1823 1273 1858 &ersus
1302 1834 1410 1869 parte,
1446 1828 1478 1859 ia
1518 1838 1594 1870 qua,
1632 1828 1745 1869 quippe
1775 1838 1854 1870 quae

238 1886 371 1917 nomina
395 1885 522 1927 propria
544 1885 721 1922 contineat,
754 1882 948 1914 Phoeniciae
970 1881 1095 1914 litterae
1117 1894 1188 1914 cum
1212 1882 1344 1924 Libycis
1366 1894 1496 1925 prorsus
1518 1891 1707 1926 congruunt.
1753 1884 1855 1926 Atque

235 1940 312 1973 illae
335 1941 462 1984 quidem
482 1939 638 1984 legendae
659 1947 751 1972 sunt:

764 2014 819 2039 ³2:
845 2015 897 2050 ,γι
924 2015 1020 2039 ,ποιοῦ
1045 2007 1122 2040 Ab:
1148 2014 1203 2047 ‚¹32
1229 2013 1310 2038 ,πυ

237 2086 331 2118 quam
358 2073 529 2107 lectionem
555 2079 723 2116 antequam
751 2075 1016 2116 interpretamur,
1054 2085 1126 2106 cum
1154 2073 1286 2114 Libycis
1308 2071 1424 2104 litteris
1447 2083 1518 2104 eam
1539 2083 1722 2115 comparare
1744 2072 1854 2114 placet.

233 2130 284 2164 Ac
306 2130 467 2174 postrema
497 2131 624 2173 quidem
646 2140 730 2168 vox,
767 2132 796 2162 si
820 2141 862 2162 ex
884 2130 954 2162 sola
978 2131 1143 2162 Phoenicii
1166 2128 1251 2161 tituli
1275 2130 1460 2161 auctoritate
1485 2129 1712 2171 penderemus,
1748 2135 1779 2159 et
1800 2137 1853 2161 *aa

237 2195 269 2220 et
290 2196 348 2223 *ta-5
371 2186 513 2229 suppleri
533 2188 654 2229 possit3
678 2187 734 2218 sed
756 2186 878 2228 Libyca
900 2188 1081 2230 inscriptio,
1107 2187 1236 2229 quaein
1254 2184 1402 2217 omnibus
1418 2184 1573 2227 exemplis
1588 2186 1649 2217 duo
1679 2187 1714 2221 O
1746 2185 1852 2223 habet,

270 2312 300 2347 ἢ
317 2314 349 2339 In
363 2313 496 2347 exemplis
511 2313 671 2348 Templiauo
692 2318 719 2341 et
735 2315 944 2351 Houeggeriano
964 2323 1014 2349 pro

238 2363 274 2399 ’β
300 2365 348 2390 λου
363 2367 417 2391 1000
445 2369 485 2391 est
509 2364 570 2391 *522
597 2366 670 2399 qnod
694 2365 766 2392 idem
790 2366 966 2402 significaret,
992 2366 1015 2393 si

238 2412 322 2438 modo
345 2412 473 2439 credibile
491 2418 578 2446 esset,
610 2418 747 2440 auctorem
773 2414 801 2439 iu
819 2415 914 2440 eodem
933 2419 1015 2440 stem-

237 2464 309 2486 mate
327 2460 419 2486 sexies
438 2462 544 2498 vuigari
562 2462 665 2495 sonna,
690 2463 772 2489 semel
785 2462 887 2489 rariore
899 2467 926 2488 et
942 2462 1014 2490 Ara-

238 2517 315 2535 rnaea
332 2517 410 2534 usum
428 2517 499 2535 esse.
534 2509 605 2543 Quid
623 2519 690 2537 vero
705 2510 728 2536 si
741 2515 894 2543 stammas,
913 2511 1014 2537 descri-

237 2560 359 2586 bentium
385 2560 480 2586 oculos
504 2559 541 2586 ita
569 2562 726 2595 aberrasse,
758 2566 788 2587 ut
811 2562 839 2588 in
866 2562 911 2587 *52
934 2562 1013 2597 725&

238 2609 305 2634 duas
322 2608 423 2634 litteras
441 2612 577 2636 extremas
591 2609 662 2636 iuter
681 2618 711 2636 se
729 2611 946 2637 contunderent?
965 2611 1014 2637 His
1036 2628 1039 2631 -

1081 2313 1208 2348 repositis
1230 2314 1389 2340 haberemus
1414 2312 1449 2349 7²
1470 2312 1573 2341 '‘DJN,
1603 2309 1674 2346 qtiod
1692 2313 1777 2346 ipsum
1799 2321 1852 2338 non

1081 2370 1224 2396 possumus
1244 2369 1300 2387 nou
1320 2362 1349 2387 h.
1367 2362 1385 2387 l.
1405 2364 1568 2394 exspectare.

1134 2417 1174 2450 ⁸³¹⁴)
1199 2418 1243 2444 Ad
1266 2416 1513 2451 interpretationem
1534 2416 1601 2442 adde
1619 2417 1662 2442 Ps.
1676 2416 1720 2449 49,
1741 2418 1789 2449 20,
1808 2416 1853 2442 nbi

1083 2470 1116 2495 de
1141 2476 1175 2505 ep
1204 2468 1249 2503 qui
1275 2476 1366 2494 orcum
1389 2467 1469 2492 intrat
1489 2466 1602 2493 dicitur:
1632 2463 1686 2491 ἾἿᾙ
1710 2468 1750 2500 *132
1773 2463 1852 2504 8532

1084 2515 1191 2558 minag
1201 2535 1208 2549 ‚
1232 2520 1267 2545 cr.
1285 2519 1348 2544 Gen.
1362 2517 1453 2550 15‚15.
1467 2533 1500 2539 -
1519 2518 1561 2544 Ad
1580 2512 1647 2552 50³3?
1664 2518 1855 2554 significatione

1084 2575 1165 2598 luctus
1184 2575 1292 2605 propter
1310 2574 1442 2595 mortuum
1462 2571 1498 2596 cf.
1513 2578 1577 2604 prae
1594 2570 1690 2596 ceteris
1701 2570 1773 2596 Eccl.
1789 2572 1815 2603 7,
1827 2571 1844 2597 3

1395 2665 1433 2693 58
