2242 2976
769 286 816 320 ΙΝ
819 285 1106 326 SCRIPTIONES
1134 284 1426 318 MELITENSES.
1860 288 1883 323 9
1890 292 1906 324 1

284 380 441 423 (Miscell.
467 380 584 423 phoen.
612 392 644 423 p.
667 380 767 422 218):
805 381 845 413 de
873 382 972 412 totius
1002 391 1080 412 vero
1110 381 1303 412 narrationis
1333 379 1397 411 fide
1426 378 1607 410 dubitamus
1637 389 1709 410 cum
1737 378 1909 422 Mignott'o

282 437 478 480 (Memoires
502 438 541 468 de
563 436 673 470 l'acad.
695 437 804 477 XLII,
827 449 858 480 p.
874 438 951 479 28),
990 437 1171 469 Mannerto
1200 435 1424 479 (Geographie
1448 436 1504 467 der
1525 434 1684 467 Griechen
1705 436 1771 467 und
1791 435 1910 468 111111181-

283 494 328 532 X,
352 497 372 525 2
394 505 423 536 p.
445 497 526 535 197)
550 493 613 533 al.‚
646 498 825 537 quanquam
849 494 888 525 de
911 493 972 525 hac
994 505 1091 525 causa
1112 504 1197 525 nunc
1220 493 1347 535 quidem
1371 492 1533 534 disputare
1556 503 1619 524 non
1646 500 1736 524 vacat
1759 492 1800 534 *).

409 550 517 593 Atque
536 549 594 582 illa
616 552 744 594 quidem
766 556 972 582 monumenta
993 549 1120 592 publica
1143 556 1234 581 erant
1257 549 1376 580 omnia.
1420 548 1540 580 Eorum
1563 555 1688 587 antem,
1712 560 1792 591 quae
1812 548 1909 582 hodie

281 615 453 649 supersunt
480 614 512 639 et
539 607 600 639 hoc
627 607 711 639 libro
739 606 1001 645 illustrabuntur,
1034 607 1186 648 pauciora
1207 611 1297 643 sunt,
1331 615 1412 646 quae
1435 604 1566 646 publica
1587 604 1741 647 appellari
1763 613 1906 648 possunt,

281 662 380 695 veluti
402 663 512 696 titulus
536 662 690 696 Citiensis
701 667 830 706 primus
852 663 892 695 ad
915 663 1148 695 dedicationem
1170 662 1238 694 fani
1253 661 1434 703 pertinens,
1454 659 1617 692 Numidici
1639 665 1737 693 1-4
1756 673 1775 694 a
1793 661 1908 695 Numi-

279 719 353 751 diae
380 719 500 763 regulis
529 719 788 763 principibusque
818 721 886 751 suis
916 726 948 750 et
977 718 1087 762 populi
1116 718 1224 750 verbis
1253 718 1325 750 Deo
1349 717 1456 750 Solari
1480 718 1672 755 consecrati,
1716 717 1906 751 Numidicus

279 779 412 818 quintus
427 777 492 818 (no.
508 777 563 818 61)
579 787 599 807 a
611 776 782 808 Numidiae
797 776 909 818 regulo
926 783 997 818 post
1010 777 1177 807 victoriam
1192 776 1231 807 de
1248 774 1401 807 Romanis
1416 780 1608 817 reportatam
1625 774 1806 814 dedicatus,
1831 774 1908 807 Tri-

279 831 438 874 politanus
456 837 583 876 primur
608 834 677 875 (no.
700 834 762 873 64)
786 843 805 863 a
828 832 1004 865 Suffetibus
1019 831 1230 874 Tripolitanis
1246 831 1366 864 Severo
1383 831 1531 874 Augusto
1553 831 1736 872 inscriptus.
1773 829 1908 874 Reliqua

279 891 388 921 omnia
409 891 534 932 privata
556 896 648 928 sunt,
678 900 778 931 eaque
801 888 854 920 vel
875 888 1068 931 sepulcralia
1092 889 1162 930 (no.
1183 892 1214 920 2.
1236 891 1263 921 5.
1287 891 1318 920 6.
1343 889 1374 919 7.
1401 891 1531 921 9-42,
1554 891 1606 918 44.
1630 888 1681 918 53.
1705 889 1756 918 54.
1779 889 1830 919 56.
1855 890 1906 919 62.

278 947 330 976 63.
352 947 404 977 71.
420 947 501 986 72),
534 945 586 977 vel
607 947 715 978 votiva
744 945 856 985 Baali,
890 946 951 977 deo
980 946 1137 989 ἐγχωρίῳ,
1177 951 1364 977 consecrata
1394 934 1468 987 (sno.
1494 948 1522 976 1.
1545 947 1576 976 3.
1597 947 1628 975 4.
1652 945 1804 975 46-52.
1826 944 1904 985 65):

278 1000 434 1032 nonnulla
455 1001 526 1033 sola
546 1004 678 1034 nomina
700 1005 865 1034 continent
885 1000 938 1033 vel
958 990 1090 1033 vasculi)
1119 1002 1191 1042 (no.
1211 1002 1272 1042 43)
1295 1000 1348 1032 vel
1369 1000 1486 1043 sigillis
1510 1001 1662 1042 inscripta
1685 1001 1757 1041 (no.
1779 1002 1829 1033 45.
1853 1003 1905 1033 67.

278 1060 320 1089 67
329 1057 359 1090 b.
375 1059 417 1089 67
427 1069 453 1089 0.
469 1061 520 1090 68.
536 1060 587 1090 69.
606 1061 676 1098 70).
721 1058 757 1090 In
780 1058 951 1090 Aramaeis
967 1057 1174 1100 Aegyptiacis
1191 1057 1271 1088 adeo
1290 1058 1445 1099 quaedam
1467 1057 1647 1100 fragmenta
1661 1063 1735 1088 sunt
1749 1055 1906 1089 librorum

278 1125 401 1156 papyro
422 1115 646 1157 inscriptorum
670 1116 743 1156 (no.
762 1117 848 1147 73-
860 1117 900 1146 75
910 1115 930 1156 ).

407 1169 544 1213 Utrique
573 1178 680 1203 autem
703 1177 981 1203 monumentorum
1004 1170 1252 1202 Phoeniciorum
1274 1171 1409 1213 generi,
1444 1170 1705 1212 inscriptionibus
1735 1176 1766 1201 et
1789 1172 1905 1210 numis,

279 1228 407 1269 propria
442 1238 501 1259 sua
536 1229 637 1259 virtus
667 1235 716 1259 est
746 1230 944 1270 pretiumque
975 1228 1009 1258 in
1040 1238 1074 1258 re
1106 1225 1378 1269 palaeographica
1407 1225 1577 1270 peculiare.
1634 1225 1683 1258 Ac
1713 1227 1906 1258 numismata

279 1284 427 1325 quidem,
457 1295 553 1326 quum
575 1283 775 1327 singularum
797 1283 1043 1327 epigrapharum
1065 1282 1175 1326 plures
1203 1283 1257 1324 (ut
1278 1284 1324 1314 ita
1345 1283 1470 1324 dicam)
1499 1283 1656 1314 editiones
1676 1293 1748 1314 esse
1770 1282 1906 1323 soleant,

279 1338 479 1382 singularum
501 1347 607 1371 autem
622 1341 798 1372 editionum
815 1351 911 1382 saepe
927 1339 1019 1383 plura
1032 1339 1194 1371 interdum
1209 1340 1290 1371 adeo
1306 1338 1407 1371 multa
1424 1337 1573 1380 exempla
1594 1345 1738 1378 exstent,
1760 1338 1844 1372 hanc
1864 1340 1905 1372 ob

279 1406 408 1427 causam
436 1403 505 1427 tum
534 1398 731 1428 certissimae
753 1396 978 1439 explicationis
999 1402 1074 1427 sunt
1101 1402 1169 1427 tum
1191 1396 1224 1427 in
1246 1394 1363 1427 litteris
1394 1395 1539 1427 obscuris
1568 1394 1767 1426 illustrandis
1803 1394 1906 1428 utilis-

278 1452 362 1483 sima
390 1451 500 1493 (lib.1
526 1454 554 1491 ξ.
580 1453 656 1494 11);
696 1460 807 1485 contra
836 1453 898 1495 (ne
926 1453 965 1485 de
989 1451 1172 1495 epigraphis
1198 1452 1300 1483 dicam
1323 1452 1358 1482 111
1379 1451 1532 1493 operibus
1554 1452 1787 1483 numismaticis
1809 1462 1905 1494 saepe

276 1507 362 1539 mala
384 1508 448 1539 fide
474 1509 630 1550 depictis)
662 1510 758 1540 etiam
781 1520 858 1548 eos,
897 1508 1012 1551 quibus
1035 1509 1075 1540 ad
1098 1510 1170 1551 ipsa
1191 1507 1440 1550 numophylacia
1463 1508 1566 1539 aditus
1590 1514 1656 1546 est,
1687 1518 1784 1549 saepe
1808 1515 1905 1540 vexat

277 1571 310 1596 et
330 1563 414 1603 male
437 1564 537 1596 habet
559 1566 695 1607 turpiter
718 1565 835 1596 detrita
856 1564 1030 1608 multorum
1052 1563 1274 1606 exemplorum
1296 1563 1456 1601 conditio,
1493 1569 1541 1603 et,
1578 1573 1758 1606 quanquam
1788 1563 1904 1596 horum

275 1631 446 1652 numorum
477 1631 542 1652 non
570 1623 723 1664 exiguum
751 1627 947 1653 momentum
977 1628 1025 1652 est
1050 1622 1084 1652 in
1113 1619 1248 1651 historia
1279 1627 1311 1651 et
1340 1618 1538 1662 geographia
1557 1618 1765 1658 illustranda,
1797 1627 1901 1653 tamen

276 1687 379 1720 panca
393 1676 461 1716 illa,
483 1688 563 1719 quae
579 1678 756 1715 continent,
781 1677 879 1709 verba
894 1677 933 1708 ad
949 1676 1094 1719 linguam
1109 1673 1317 1708 Phoeniciam
1331 1675 1553 1708 illustrandam
1569 1687 1683 1718 parum
1700 1677 1830 1710 faciunt.
1851 1679 1903 1712 Ex

248 1732 538 1776 ‘inscriptionibus
568 1744 644 1765 vero
674 1733 855 1776 titulisque,
889 1735 1078 1776 praesertim
1110 1732 1288 1765 maioribus
1319 1731 1404 1771 illis,
1441 1733 1493 1775 qui
1522 1743 1586 1763 non
1615 1735 1747 1765 nomina
1773 1737 1903 1777 propria

276 1797 417 1829 tantum,
449 1791 505 1822 sed
526 1791 668 1832 integras
690 1791 866 1821 sententias
884 1791 1064 1828 continent,
1088 1791 1185 1821 etiam
1200 1790 1239 1821 de
1253 1790 1423 1821 universae
1436 1788 1565 1830 linguae
1577 1788 1687 1821 indole
1702 1797 1734 1821 et
1748 1793 1903 1823 orationis

278 1845 384 1878 colore
407 1847 562 1878 iudicium
584 1846 691 1877 facere
713 1845 804 1877 licet:
830 1853 862 1877 et
875 1857 1053 1888 quanquam
1070 1845 1270 1888 singulorum
1293 1847 1437 1888 (praeter
1454 1856 1551 1876 unum
1568 1844 1772 1879 Melitensem
1793 1859 1846 1881 no.
1864 1852 1875 1880 1
1892 1852 1902 1887 )

277 1902 405 1945 singula
434 1909 558 1934 tantum
588 1901 735 1944 exempla
767 1909 911 1946 exstant,
948 1909 1053 1934 tamen
1077 1913 1188 1934 eorum
1210 1901 1305 1934 lectio
1336 1908 1403 1933 tum
1426 1903 1547 1933 maiore
1569 1900 1748 1935 litterarum
1770 1904 1900 1936 modulo

278 1966 345 1991 tum
371 1960 515 2002 ipsorum
545 1966 823 1990 monumentorum
854 1953 976 1991 ambitu
1005 1958 1221 2001 similiumque
1250 1959 1334 1990 inter
1358 1969 1393 1990 se
1424 1959 1661 2000 comparatione
1690 1961 1737 1991 ita
1763 1961 1901 2001 iuvatur,

278 2023 332 2054 ut,
364 2019 396 2048 n*
415 2016 506 2049 modo
528 2016 574 2047 ad
593 2018 668 2058 ipsa
691 2015 900 2058 autographa
923 2016 1035 2048 aditur
1056 2019 1120 2054 sit,
1155 2026 1220 2047 non
1242 2014 1379 2047 multum
1401 2014 1489 2046 dubii
1512 2026 1681 2057 superesse
1704 2016 1816 2049 soleat.

779 2185 1026 2220 CAPUT
1079 2185 1401 2218 PRIMUM.

557 2254 1111 2292 INSCRIPTIONES
1165 2253 1616 2291 MELITENSES.

402 2346 548 2379 Melitam
566 2349 796 2391 antiquissimis
811 2348 1005 2390 temporibus
1021 2348 1199 2379 Phoenices
1214 2347 1344 2379 colonos
1361 2346 1523 2386 habuisse,
1547 2349 1601 2390 qui
1617 2350 1724 2391 magni
1740 2347 1899 2379 faciebant

277 2401 359 2434 hanc
381 2403 519 2436 insulam
543 2412 671 2447 propter
689 2403 831 2437 locorum
848 2411 1055 2447 portuumque
1072 2406 1336 2447 opportunitatem
1355 2410 1455 2435 tntum
1468 2405 1501 2435 in
1517 2404 1686 2436 itineribus
1702 2405 1898 2436 mercatoriis

329 2505 355 2538 ’ἢ
381 2506 493 2533 Ρ1118181·
512 2515 543 2533 ea
565 2516 634 2541 qnae
652 2507 771 2534 laudavit
795 2507 964 2533 Hamakerus
991 2508 1009 2533 l.
1029 2516 1051 2533 c.
1120 2507 1226 2541 Lipsiae
1253 2507 1319 2533 1755
1338 2507 1479 2533 editorum.

279 2560 306 2577 v-
321 2555 364 2585 [ο.
386 2556 443 2580 Chr.
464 2557 614 2581 Leuschneri
631 2558 728 2581 dissert.
747 2566 823 2589 super
844 2558 960 2589 Procopii
985 2558 1053 2581 testi-
1174 2556 1218 2581 De
1236 2555 1315 2581 titulo
1335 2556 1449 2589 quodam
1466 2555 1569 2581 Punico
1588 2556 1616 2580 in
1634 2556 1738 2580 theatro
1757 2553 1895 2589 Carthagi-

279 2602 359 2626 mom‘o
384 2604 416 2628 de
437 2606 555 2629 columnis
575 2606 714 2637 Tingitanis
738 2607 813 2630 valde
835 2605 972 2637 probabili,
1005 2605 1053 2630 sub
1122 2603 1199 2630 nensi
1226 2608 1349 2629 exstante
1379 2608 1406 2629 et
1436 2613 1450 2629 3
1484 2603 1615 2637 scriptore
1642 2603 1756 2636 quodam
1779 2601 1896 2627 Arabico

279 2648 358 2674 finem
372 2652 560 2683 opusculorum
578 2653 714 2679 variorum
732 2655 764 2679 de
780 2658 853 2679 secta
866 2652 1053 2686 Elpisticorum
1123 2656 1333 2678 commemorato
1352 2654 1380 2678 v<
1401 2652 1432 2677 ad
1454 2651 1535 2677 inser.
1554 2651 1596 2677 55.

1438 2704 1475 2731 12
1499 2703 1514 2719 *
