2242 2976
865 294 1293 329 PRAEFATIO.
1803 298 1890 330 XXI

272 391 323 429 H.·
336 393 381 429 K.
391 392 445 429 N.
461 392 520 435 P.‚
554 392 685 428 incert.
714 390 753 428 C.
778 392 825 428 D.
852 391 930 438 E),
972 391 1066 442 quae
1093 390 1164 437 legi
1192 389 1341 438 quidem
1362 397 1545 438 possunt,
1578 390 1644 426 sed
1670 389 1719 426 ad
1748 397 1889 429 certam

269 456 402 493 urbem
441 443 572 493 referri
610 462 802 504 nequeunt
839 457 972 492 iccirco
1014 455 1115 504 quod
1146 456 1357 502 ignoratur.
1395 467 1581 503 quaenam
1614 455 1703 491 urbs
1735 457 1889 493 nomine

270 522 473 558 Phoenicio
501 522 541 557 in
572 522 802 558 numismate
828 522 1028 569 conspicuo
1054 521 1144 556 olim
1171 519 1358 568 appellata
1385 520 1508 556 fuerit.
1563 517 1889 563 Quemadmodum

263 586 395 623 autem
421 587 460 622 i'u
487 581 807 634 interpretationis
834 585 1026 623 evidentia
1050 584 1284 621 aestimanda
1312 585 1419 632 plura
1438 585 1543 632 quasi
1558 592 1890 623 monumentorum

271 664 408 703 genera
438 651 701 696 distinximus,
742 652 797 687 ita
834 651 949 686 etiam
982 651 1023 685 in
1059 650 1156 685 crisi
1177 650 1392 686 exercenda
1419 649 1633 686 faciendum
1660 651 1889 698 putavimus.

269 715 342 753 Ubi
367 718 467 753 enim
497 716 557 752 vel
581 717 622 752 in
647 717 729 764 ipso
756 721 1003 765 monumento
1029 715 1093 751 vel
1118 716 1159 750 in
1186 722 1320 763 ectypo
1345 715 1541 762 diligenter
1566 715 1665 750 facto
1681 715 1888 753 litterarum

269 782 404 818 ductus
442 783 658 830 perspicuos
699 781 769 817 sub
804 781 920 816 oculis
955 780 1162 831 habebam,
1204 780 1260 816 his
1296 780 1383 816 solis
1417 779 1691 816 inhaerendum
1726 786 1839 828 atque
1868 793 1892 817 a

270 846 504 883 coniecturae
529 847 742 882 temeritate
763 857 914 894 prorsus
941 836 1206 881 abstinendum
1232 840 1386 893 putavi,
1425 857 1541 893 quum
1567 846 1693 893 ipsum
1720 851 1891 893 autogra-

270 911 387 959 phum
421 913 598 948 vitiosum
634 911 748 947 fuisse
783 922 862 946 non
894 911 974 946 sine
1010 910 1117 957 gravi
1149 921 1263 946 causa
1292 910 1535 946 statuendum
1568 910 1780 946 videretur:
1826 911 1892 947 ubi

267 987 360 1011 vero
399 987 449 1011 ex
486 977 655 1024 pluribus
692 975 906 1024 pendebam
930 974 1167 1023 'apographis
1206 975 1437 1023 imperfectis
1474 981 1512 1010 et
1530 971 1644 1010 'inter
1674 986 1714 1010 se
1749 975 1891 1011 dissen-

268 1041 467 1085 tientibus,
490 1047 534 1076 ut
559 1041 600 1076 in
626 1041 736 1076 titulo
762 1038 967 1087 Tuggensi,
996 1040 1036 1075 in
1064 1040 1226 1086 genuina
1252 1040 1351 1075 tituli
1377 1040 1502 1075 forma
1529 1039 1775 1075 instauranda
1800 1052 1891 1076 sane

268 1106 353 1142 crisi
388 1105 632 1142 coniecturali
661 1111 700 1141 et
731 1105 1003 1141 combinatoria
1038 1104 1239 1151 (Boeckhii
1269 1105 1454 1141 vocabulo
1488 1105 1595 1152 utor)
1622 1105 1672 1151 23)
1706 1105 1892 1141 utendum

269 1177 370 1206 erat:
413 1182 482 1206 nec
516 1170 757 1219 desperamus
790 1170 890 1214 fore,
915 1167 976 1206 'ut
1010 1170 1124 1205 etiam
1168 1168 1301 1206 harum
1340 1171 1636 1206 coniecturarum
1678 1175 1891 1206 nostrarum

269 1237 355 1272 una'
384 1236 553 1272 alterave
594 1234 797 1284 aliquando
838 1236 920 1283 ipso
963 1240 1213 1271 monumento
1250 1234 1374 1271 denuo
1418 1234 1633 1282 diligentius
1673 1235 1892 1271 examinato

269 1301 507 1337 confirmetur
550 1299 610 1347 ²4).

386 1391 495 1436 Quod
510 1393 558 1429 ad
573 1392 847 1440 argumentum
862 1392 996 1428 horum
1013 1398 1348 1428 monumentorum
1365 1393 1510 1436 attinet,
1532 1392 1711 1427 fallentur
1727 1391 1890 1439 quidem,

269 1459 332 1506 qui
341 1458 508 1501 obscuris
522 1444 795 1492 remotissimae
812 1456 1043 1503 antiquitatis
1057 1456 1149 1492 locis
1163 1457 1325 1493 multum
1341 1457 1494 1492 luminis
1509 1454 1596 1492 inde
1615 1457 1737 1492 afferri
1748 1453 1890 1493 ne'dum

268 1534 406 1560 arcana
431 1523 511 1558 eius
537 1521 694 1558 reserari
717 1521 1041 1568 exspectaverint:
1068 1526 1336 1555 verumtamen
1359 1526 1441 1556 tum
1462 1531 1512 1555 ex
1528 1521 1619 1568 ipsis
1634 1521 1891 1557 monumentis

268 1594 350 1624 tum
376 1598 428 1623 ex
454 1579 540 1623 aliis>
562 1580 710 1633 linguae
737 1585 957 1621 Phoeniciae
981 1584 1167 1632 reliquiis,
1198 1596 1291 1632 quas
1305 1584 1400 1620 libro
1416 1590 1549 1632 quarto
1564 1585 1890 1631 pertractavimus,

268 1654 411 1690 fructus
437 1652 590 1700 quidam
616 1663 695 1687 non
718 1648 986 1686 contemnendi
1011 1649 1051 1684 in
1077 1650 1204 1685 varias
1236 1655 1275 1684 et
1304 1660 1430 1685 sacrae
1458 1655 1496 1685 et
1522 1648 1703 1696 profanae
1730 1650 1890 1698 antiqui-

214 1706 217 1709 ¹
268 1719 356 1755 tatis
377 1717 591 1765 disciplinas
606 1715 818 1752 redundare
837 1713 1011 1752 censendi
1030 1721 1137 1758 suut,
1170 1725 1327 1762 quorum
1344 1714 1547 1761 nonnullos
1562 1714 1691 1761 paucis
1708 1716 1891 1762 attingere

266 1784 399 1831 placet.
461 1782 517 1818 Ac
549 1782 712 1830 primum
747 1779 898 1829 quidem
932 1779 1154 1827 scripturae
1188 1778 1417 1826 linguaeque
1442 1778 1644 1814 Hebraeae
1673 1779 1827 1816 historia
1853 1787 1891 1816 et

267 1849 431 1884 rationes
462 1846 553 1882 iude
587 1847 704 1882 variis
739 1844 861 1880 modis
899 1844 1143 1881 illustrantur.
1209 1843 1422 1891 Scripturae
1461 1844 1562 1879 enim
1600 1842 1822 1895 Chaldaicae
1861 1857 1889 1881 s.

267 1912 470 1961 quadratae
505 1911 709 1958 originibus
750 1920 924 1956 maguam
958 1915 1104 1956 partem
1137 1909 1302 1944 obscuris
1336 1914 1447 1956 atque
1480 1909 1672 1957 perplexis
1691 1905 1811 1945 'nulla
1849 1923 1889 1946 re

267 1978 352 2026 plus
378 1977 470 2022 lucis
492 1976 662 2019 affertur,
698 1986 809 2023 quam
836 1975 1048 2009 litteratura
1069 1973 1135 2009 illa
1157 1972 1345 2009 Aramaea
1368 1972 1617 2021 Aegyptiam,
1644 1974 1683 2008 in
1703 1986 1776 2021 qua
1790 1975 1889 2012 illius

269 2043 473 2091 scripturae
500 2039 724 2089 principium
753 2046 791 2075 et
817 2039 922 2087 quasi
948 2038 1177 2074 incunabula
1201 2049 1312 2086 quam
1338 2038 1619 2075 evidentissime
1637 2039 1752 2075 oculis
1772 2050 1890 2088 expo-

267 2113 419 2144 nuntur.
446 2126 449 2131 ·
480 2106 675 2142 Praeterea
709 2111 791 2140 tum
824 2103 991 2151 singulae
1027 2102 1211 2151 quaedam
1247 2115 1360 2139 voces
1393 2104 1435 2139 iu
1460 2103 1504 2140 V.
1529 2103 1570 2139 T.
1606 2109 1644 2139 et
1667 2104 1825 2140 rariores
1852 2112 1890 2142 et

268 2173 500 2210 obscuriores
527 2170 711 2207 crebriore
738 2163 942 2214 earundem
968 2170 1010 2204 in
1036 2168 1184 2215 liuguae
1211 2168 1432 2204 Phoeniciae
1468 2168 1632 2216 reliquiis
1659 2180 1728 2205 usu
1755 2170 1888 2218 expla-

268 2243 407 2274 nantur
420 2237 491 2283 ²⁵),
519 2242 600 2272 tum
625 2234 795 2270 maxime
822 2245 867 2270 ea
892 2234 1041 2281 linguae
1068 2232 1266 2269 Hebraeae
1289 2234 1552 2281 pronunciatio
1578 2239 1616 2269 et
1642 2234 1888 2271 conformatio

268 2302 530 2350 grammatica,
561 2312 657 2349 quae
684 2300 833 2348 punctis
860 2299 1091 2334 masoreticis
1113 2299 1337 2341 continetur,
1364 2297 1525 2333 Punicae
1550 2298 1700 2345 linguae
1724 2311 1889 2347 pronun-

331 2452 387 2490 23)
412 2451 508 2489 Corp-
526 2450 620 2479 inser.
636 2448 734 2488 praef.
751 2458 819 2488 pag.
833 2448 925 2478 XIX.
1112 2447 1256 2476 firmavit.
1303 2447 1388 2477 Alias
1412 2447 1604 2476 coniecturas
1626 2453 1731 2486 postea
1752 2450 1888 2488 ipsorum

276 2490 282 2497 Ι
332 2502 385 2543 24)
409 2504 447 2533 In
468 2502 524 2531 hac
547 2503 612 2541 ipsa
630 2501 786 2540 Tuggensi
811 2511 880 2540 spes
902 2509 959 2529 nos
981 2509 1045 2527 non
1113 2499 1249 2538 lapidum
1270 2500 1450 2529 auctoritate
1470 2499 1600 2529 firmatas
1621 2509 1654 2529 v.
1671 2500 1710 2529 ad
1724 2501 1838 2530 Athen.
1854 2505 1886 2531 2.

270 2555 396 2592 fefellit,
435 2560 471 2584 ut
490 2559 615 2594 apparet
639 2563 679 2582 ex
701 2553 842 2592 exemplo
871 2551 1047 2591 Honeggeri
1117 2552 1223 2582 Carth.
1246 2556 1278 2582 2.
1303 2556 1322 2583 3
1344 2552 1382 2582 al.

271 2607 421 2647 (append.
440 2610 458 2636 3
484 2615 552 2646 pag.
570 2606 610 2635 45
618 2604 651 2648 )”,
684 2606 768 2644 quod
790 2610 910 2634 textum
927 2615 944 2633 a
958 2604 1048 2633 uobis
1182 2603 1235 2645 25)
1251 2605 1309 2634 Vc.
1319 2611 1415 2648 εᾞςη
1431 2605 1491 2633 iam
1506 2604 1620 2633 dudum
1635 2608 1681 2632 est
1695 2604 1775 2642 quod
1790 2614 1830 2634 ex
1840 2605 1888 2636 his

273 2659 471 2689 constitutum
486 2663 605 2697 praeter
620 2668 702 2688 vers·
721 2661 739 2688 7
759 2657 791 2686 in
804 2657 956 2697 plerisque
974 2666 1049 2685 con·
1117 2657 1323 2687 monumentis
1340 2656 1490 2695 explicavi
1515 2654 1629 2694 (praef.
1647 2653 1683 2682 ad
1701 2655 1781 2685 Lex.
1798 2656 1887 2688 hebr.

1458 2713 1476 2742 d
