2242 2976
590 314 650 346 DE
673 313 881 347 LITTERIS
904 312 1156 346 PHOENICIIS
1180 313 1238 346 ET
1261 311 1507 346 NUMIDICIS.
1820 316 1866 351 17

238 419 281 442 ex
300 406 474 440 Humberti
497 418 605 451 apogr.
628 410 725 440 inscr.
747 406 878 440 Numid.
898 411 938 447 4,
960 407 1016 439 lin.
1050 411 1086 447 1,
1117 406 1174 450 fig.
1201 411 1222 438 4
1250 406 1367 444 Schin3
1404 406 1463 439 sub
1498 406 1581 439 eluet
1611 417 1676 438 una
1705 414 1753 438 est
1776 406 1867 448 Beth,

237 463 338 497 altera
358 464 500 502 Lamed3
522 464 583 497 sub
599 463 679 497 Nun
701 475 759 497 sex
783 471 858 497 sunt
880 465 984 507 signa,
1008 475 1142 507 quorum
1165 464 1299 511 primurn
1324 470 1373 495 est
1394 462 1513 503 Schin,
1536 462 1671 495 alterum
1693 463 1783 504 Tau,
1806 467 1868 497 tria

240 522 409 564 sequentia
430 521 571 560 Lamed,
594 520 742 553 ultimum
764 520 854 561 Tau,
876 520 998 552 nullum
1021 519 1115 558 Nun3
1145 520 1205 552 sub
1229 518 1367 551 samech
1396 531 1496 551 unum
1519 527 1568 552 est
1595 521 1723 562 signum
1733 543 1750 560 ,„
1773 522 1868 565 idque

237 576 356 615 Schin;
381 577 443 621 sub
466 576 569 610 schin
590 578 654 610 duo
677 576 756 615 Tet;
778 588 859 621 quae
881 576 1015 609 ulterius
1038 577 1186 620 persequi
1208 583 1241 608 et
1262 575 1395 618 longum
1418 583 1467 608 est
1488 583 1519 608 et
1542 576 1639 608 taedii
1660 575 1797 621 plenum.

362 632 438 666 Non
467 635 626 676 integrum
655 633 880 677 alphabetum,
910 634 967 666 sed
988 632 1140 676 pleraque
1163 639 1267 664 tamen
1290 631 1467 671 elementa,
1500 631 1649 665 videlicet
1669 644 1709 666 ea
1731 645 1812 678 quae
1834 636 1867 667 in

237 700 397 722 marmore
413 689 578 722 Melitensi
601 690 739 733 bilingui
761 697 851 729 sunt,
874 691 1103 723 commentario
1122 688 1293 721 utilissimo
1309 688 1483 721 illustravit
1499 689 1690 734 Lindberg,
1712 691 1752 723 de
1771 693 1868 724 iuscr.

240 745 405 779 Melitensi
424 758 454 790 p.
469 750 487 779 8
500 756 584 790 sqqt:
608 745 741 778 meliora
758 747 853 778 etiam
870 747 1019 785 daturus,
1042 746 1104 777 nisi
1120 746 1342 788 praeiudicatis
1356 744 1519 777 nonnullis
1534 747 1740 788 opinionibus
1756 748 1869 781 ductus

238 803 361 843 fuisset,
377 814 420 836 ex
434 802 550 847 quibus
565 814 622 835 ceu
637 802 833 846 perennibus
848 803 989 835 fontibus
1003 802 1109 846 plures
1123 813 1249 834 errores
1264 801 1497 845 profluxerunt.
1532 802 1680 835 Primarii
1694 803 1728 836 hi
1744 816 1869 838 errores

238 862 412 903 praecipue
442 867 612 892 versantur
641 861 673 892 in
696 858 834 892 lectione
857 859 1046 902 epigraphes
1066 857 1266 891 Cossuraeae
1288 867 1398 902 ω-ιιυρ
1429 859 1544 902 (quam
1567 860 1686 892 dudum
1708 860 1871 894 refellerat

238 915 404 960 Bayerus)
427 927 486 960 pro
508 923 619 957 22:³⁸,
649 924 680 948 et
702 915 784 948 alius
808 916 971 948 africanae
994 924 1065 960 inp:
1090 917 1168 959 (pro
1190 915 1288 958 qva),
1319 916 1403 947 unde
1425 916 1544 947 factum
1566 922 1615 948 est
1636 923 1671 948 ut
1690 916 1750 950 sub
1773 917 1868 961 Koph

237 973 323 1015 apud
346 984 438 1013 eum,
463 980 498 1005 ut
514 974 600 1016 apud
618 972 827 1012 Dutensium,
850 980 1031 1015 compareat
1052 983 1170 1016 magna
1189 974 1238 1004 vis
1260 971 1457 1015 figurarum,
1480 983 1560 1015 quae
1574 971 1682 1016 Aleph
1697 981 1786 1014 suut,
1809 974 1869 1007 sub

238 1027 338 1060 Schiu
361 1028 478 1068 multa,
503 1041 584 1072 quae
606 1029 667 1062 Jod
688 1036 764 1062 sunt
786 1035 846 1064 cet,
890 1027 954 1060 Sed
978 1029 1018 1060 de
1042 1028 1092 1061 his
1114 1029 1199 1060 infra
1219 1028 1409 1060 videbimus.

366 1085 472 1118 Etiam
501 1087 535 1117 in
566 1097 605 1117 ea
636 1097 730 1128 quam
760 1096 818 1117 nos
841 1084 1048 1117 exhibuimus
1069 1084 1247 1117 litterarum
1277 1085 1661 1127 punico-numidicarum
1683 1089 1871 1119 recensione

241 1139 405 1185 (Palfiogr.
424 1141 557 1173 Studien
576 1141 640 1174 tab.
658 1142 691 1183 6)
714 1153 800 1173 nunc
824 1142 903 1184 ipsis
926 1143 1143 1174 monumentis
1165 1143 1318 1184 inspectis
1338 1140 1496 1173 nonnulla
1510 1142 1681 1174 emendare
1694 1155 1871 1186 possumus.

238 1196 289 1229 Ita
319 1198 379 1230 sub
406 1198 497 1240 Caph
528 1197 584 1241 fig.
606 1202 647 1238 4,
682 1198 742 1230 sub
771 1197 873 1230 Schin
902 1197 958 1241 fig.
980 1201 1001 1230 6
1029 1200 1156 1241 spuriae
1181 1205 1255 1230 sunt
1283 1205 1315 1230 et
1337 1209 1378 1230 ex
1401 1198 1661 1242 apographorum
1683 1201 1769 1232 vitiis
1791 1209 1870 1233 orta.

238 1253 409 1287 Praeterea
432 1254 492 1287 suh
514 1255 582 1287 Jod
598 1255 653 1299 fig.
676 1258 695 1288 8
718 1261 767 1287 est
793 1255 893 1294 (Met,
919 1262 952 1287 ut
972 1255 1058 1287 infra
1080 1255 1246 1287 docebitur
1269 1256 1309 1287 ad
1332 1254 1462 1287 Numid.
1483 1259 1515 1287 4.

595 1335 611 1344 x

1006 1359 1037 1396 ξ.
1065 1360 1097 1390 9.

701 1423 762 1456 De
791 1427 943 1456 nativa
973 1425 1223 1456 litterarum
1240 1425 1414 1467 figura.

368 1489 476 1528 Quum
492 1492 525 1522 iu
541 1490 702 1534 plerisque
718 1490 834 1523 litteris
851 1503 968 1534 magua
983 1493 1024 1523 sit
1037 1488 1212 1524 forfnarum
1231 1493 1386 1531 varietas,
1408 1494 1509 1524 oritur
1527 1494 1691 1535 quaestio,
1714 1505 1870 1536 quaenam

239 1544 354 1578 harum
383 1547 558 1579 formarum
588 1549 830 1590 antiquissimae
861 1549 1041 1580 censendae
1071 1549 1135 1579 sint
1162 1554 1194 1579 et
1221 1559 1334 1580 recens
1361 1549 1500 1579 inventis
1531 1548 1724 1580 simillimae.
1778 1549 1873 1587 Quod

241 1605 444 1646 quantumvis
473 1605 506 1635 in
541 1603 678 1646 singulis
706 1604 838 1637 dubium
869 1605 931 1644 sit,
969 1605 1004 1636 in
1037 1605 1222 1636 uuiversum
1252 1611 1358 1636 tamen
1389 1615 1446 1635 eae
1473 1603 1596 1647 figurae
1626 1608 1873 1647 antiquissimae

239 1658 408 1692 habendae
428 1667 522 1702 atque
544 1664 700 1693 nativae.-

370 1717 402 1760 1)
434 1716 527 1755 Quae
557 1719 590 1749 in
622 1718 839 1750 monumentis
869 1724 901 1749 et
927 1718 1158 1759 antiquissimis
1188 1724 1220 1749 et
1247 1718 1486 1750 accuratissime
1508 1718 1636 1759 scriptis
1658 1727 1872 1761 compareant,

240 1772 327 1805 velut
351 1774 385 1805 in
409 1776 514 1806 uumis
537 1773 863 1817 Cilico-phoeniciis,
887 1773 1023 1812 Siculis,
1046 1775 1079 1805 in
1103 1779 1262 1806 marmore
1284 1774 1450 1807 Melitensi
1474 1773 1620 1817 bilingui.

369 1830 403 1873 2)
438 1830 573 1873 Figurae
590 1832 760 1872 pleniores
783 1829 925 1873 talesque
949 1841 990 1862 ex
1013 1830 1128 1873 quibus
1156 1830 1285 1863 labente
1313 1838 1415 1863 aetate
1440 1839 1472 1862 et
1492 1833 1621 1874 vigente
1645 1830 1873 1874 tachygraphia

239 1884 382 1928 reliquae
412 1889 640 1919 contractiores
670 1887 828 1929 originem
861 1887 1022 1919 duxerunt
1057 1888 1102 1929 (ξ.
1128 1891 1179 1920 10,
1207 1888 1287 1930 24),
1324 1889 1356 1919 in
1388 1888 1439 1920 his
1467 1889 1635 1930 praecipue
1666 1899 1748 1930 quae
1778 1887 1873 1920 lineis

242 1956 340 1987 rectis
363 1961 395 1986 et
418 1954 546 1998 angulis
567 1956 668 1987 acutis
691 1956 794 1997 pictae
816 1961 909 1994 sunt,
939 1953 1027 1986 velut
1047 1951 1134 2013 Ι-Ι-Ι,
1157 1942 1254 2013 Ax,
1297 1966 1338 1987 ex
1377 1955 1492 1999 quibus
1527 1955 1705 1988 scribarum
1746 1957 1872 1988 demum

243 2039 432 2072 festinantia
463 2039 666 2071 rotundiores
693 2039 816 2071 formae
853 2023 961 2093 Ἡ,
987 2031 1065 2094 “j
1090 2045 1178 2071 ortae
1200 2039 1324 2083 suast).

368 2107 402 2150 3)
426 2106 519 2148 Quae
542 2118 611 2139 cum
634 2110 872 2150 antiquissimis
892 2110 1026 2150 graecis
1049 2108 1218 2139 elementis
1246 2113 1451 2151 congruant‚·
1482 2109 1638 2151 siquidem
1669 2107 1784 2140 Graeci
1810 2107 1874 2139 ele-

242 2172 351 2197 menta
373 2175 432 2196 sua
454 2165 518 2195 iam
541 2170 664 2195 mature
688 2171 719 2195 et
736 2164 821 2195 haud
844 2163 944 2195 multo
967 2170 1041 2206 post
1063 2162 1242 2196 litterarum
1265 2165 1482 2197 inventionem
1505 2176 1524 2196 a
1545 2164 1760 2197 Phoenicibus
1785 2176 1874 2196 acce-

242 2228 374 2264 perunt,
398 2231 501 2263 neque
523 2219 657 2252 multum
680 2221 909 2262 immutarunt,
943 2221 1166 2264 antiquissima
1186 2228 1294 2253 autem
1315 2228 1523 2253 monumenta
1545 2220 1669 2253 Graeca
1690 2221 1873 2253 Phoeniciis

241 2284 348 2309 aetate
371 2278 540 2320 superiora
560 2283 645 2308 sunt.

367 2337 403 2375 4)
428 2333 519 2372 Quae
543 2344 612 2365 cum
628 2336 755 2365 nomine
772 2334 926 2365 elementi
941 2337 1148 2366 conveniant.
1194 2333 1281 2365 Satis
1298 2335 1383 2367 enim
1401 2341 1543 2373 constat,
1566 2333 1744 2366 litterarum
1763 2335 1873 2364 inven-

242 2398 329 2422 tores
351 2392 384 2422 in
409 2389 566 2433 eligendis
590 2389 821 2422 elementorum
844 2389 958 2432 figuris
980 2390 1226 2433 nominibusque
1248 2391 1279 2422 id
1305 2392 1431 2433 egisse,
1463 2398 1497 2422 ut
1518 2392 1608 2422 cuius
1632 2392 1678 2422 rei
1702 2391 1871 2432 imaginem

242 2439 404 2479 rudiorem
427 2446 620 2478 elementum
644 2445 772 2489 aliquod
795 2446 930 2478 referret
958 2447 1100 2478 eiusdem
1122 2458 1238 2478 nomen
1270 2448 1300 2478 ei
1325 2447 1517 2478 tribueretur
1527 2448 1587 2488 **),
1618 2448 1668 2478 cui
1690 2445 1803 2479 similis
1826 2452 1872 2475 est

242 2501 402 2544 alphabeti
424 2505 538 2535 russici
558 2510 593 2535 et
612 2501 895 2546 hieroglyphorum
917 2502 1158 2545 phoneticorum
1183 2503 1265 2546 apud
1288 2503 1465 2547 Aegyptios
1488 2505 1580 2535 ratio.

297 2603 322 2636 ‘)
347 2606 461 2632 Per-raro
480 2607 585 2640 plenior
604 2607 692 2633 forma
714 2605 850 2633 recentior
868 2614 928 2632 esse
945 2605 1069 2639 videtur,
1094 2606 1171 2633 velut
1188 2607 1276 2633 Resch
1294 2607 1330 2633 ita
1351 2606 1450 2640 pictum
1480 2593 1523 2634 fl
1556 2610 1581 2630 et
1614 2605 1642 2630 in
1675 2602 1872 2630 recentioribus

244 2655 346 2678 tautum
364 2655 543 2691 monumentis
562 2655 688 2686 obvium,
715 2663 748 2682 eo
776 2655 841 2681 illud
866 2655 980 2681 consilio
998 2654 1154 2688 inventum,
1175 2660 1204 2682 ut
1224 2665 1239 2682 a
1258 2656 1328 2682 Beth
1347 2655 1452 2681 facilius
1473 2654 1656 2689 distinguatur.

297 2699 338 2733 ¹⁶)
361 2700 432 2727 Vide
452 2702 513 2728 hist.
537 2703 642 2738 linguae
660 2704 735 2729 hebr.
757 2713 783 2737 p.
804 2704 854 2730 167
877 2712 934 2737 sqq.

1467 2754 1484 2782 3
