2242 2976
476 233 813 268 INSCRIPTIONES
835 229 1129 268 MELI'I'ENSES.
1172 233 1232 267 lv.
1256 232 1526 267 MELITENSIS
1549 231 1745 272 QUARTA.
1857 238 1925 272 111

304 334 465 371 postrema
493 329 592 362 verba
620 330 784 373 iungenda
812 334 902 361 sunt:
940 329 1026 370 lapis
1057 332 1129 361 voti
1150 332 1262 371 patris
1291 332 1357 361 mei
1389 327 1442 360 vel
1472 339 1528 371 per
1558 327 1802 369 appositionem:
1840 328 1926 370 lapis

305 389 412 417 votum
436 389 548 428 patrie
574 389 655 425 mei,
694 385 806 417 eadem
836 395 993 427 personae
1016 384 1181 428 enallage,
1212 395 1306 427 quam
1327 397 1426 428 supra
1447 384 1688 417 observavimus
1718 383 1758 415 ad
1784 384 1882 415 inser.
1907 388 1922 415 1

305 448 336 473 et
358 444 389 477 3.
432 440 553 475 Nostro
581 453 672 474 more
698 442 867 474 dicendum
897 441 1027 473 fuisset:
1059 441 1137 485 Ego
1158 441 1374 474 Malcho⁸2·r2·³
1389 445 1491 484 pomi
1511 440 1604 473 Baali
1626 440 1763 483 lapidem
1786 450 1829 471 ex
1851 447 1925 471 voto

304 501 403 541 patris
430 503 504 533 mei.

749 665 998 699 CAPUT
1047 664 1481 699 SECUNDUM.

434 742 1109 781 INSCRIPTIONES
1170 742 1791 780 ATHENIENSES.

429 845 523 877 Duae
558 845 784 886 inscriptiones
817 843 1012 876 Phoeniciae
1040 845 1108 876 sive
1138 846 1244 887 potius
1273 843 1435 887 bilingues
1462 842 1601 876 Athenis
1630 850 1778 886 repertae
1807 844 1924 876 dudum

301 904 507 935 innotuerant
528 902 607 933 viris
630 901 744 939 doctis,
769 899 883 942 quibus
900 902 1083 943 nuperrime
1100 902 1235 933 accessit
1248 902 1356 933 tertia:
1381 907 1525 943 quartam
1540 901 1626 932 enim
1643 900 1669 932 F
1672 901 1926 932 ourmontianam

300 968 435 1001 eamque
465 957 636 989 admodum
667 963 847 999 suspectam
876 956 908 988 h.
931 956 954 988 l.
985 958 1090 988 scien:
1121 963 1286 999 praetereo
1317 958 1364 999 (v.
1388 957 1474 989 infra
1496 968 1550 989 no.
1573 958 1647 998 80).
1698 956 1749 988 Ad
1772 967 1926 999 quosnam

299 1014 449 1046 homines
470 1013 550 1045 mihi
573 1014 734 1055 pertinere
756 1012 941 1044 viderentur
962 1012 1043 1044 haec
1064 1020 1290 1052 monumenta,
1319 1014 1383 1044 iam
1405 1024 1503 1055 supra
1533 1014 1587 1055 (p.
1611 1014 1674 1055 11)
1695 1015 1805 1055 paucis
1826 1014 1927 1055 signi·

298 1070 404 1103 ficavi.
460 1069 568 1107 Quum
598 1079 675 1101 vero
705 1068 786 1100 alios
814 1066 907 1100 aliter
937 1076 1077 1101 statuere
1106 1070 1249 1101 viderem
1271 1069 1316 1111 ³⁸),
1353 1069 1393 1101 ab
1424 1069 1584 1101 Eduardo
1614 1069 1764 1108 Meiere,
1803 1067 1927 1111 collega

301 1127 577 1165 coniunctissimo,
599 1127 652 1168 qui
665 1127 699 1157 in
716 1125 813 1157 rebus
826 1124 943 1157 Atticis
959 1132 1044 1158 totus
1062 1126 1196 1165 habitat,
1219 1126 1307 1168 petii,
1332 1132 1367 1157 ut
1380 1136 1415 1157 re
1431 1128 1610 1158 accuratius
1626 1136 1786 1168 perpensa
1800 1132 1927 1157 senten-

300 1184 378 1215 tiam
408 1193 498 1214 suam
528 1193 654 1214 mecum
684 1183 949 1214 communicaret:
981 1183 1053 1225 qui,
1088 1193 1150 1225 qua
1172 1189 1221 1214 est
1243 1181 1440 1214 humanitate
1465 1189 1667 1225 et>ergame
1690 1180 1926 1219 benevolentia,

301 1239 380 1271 haee
402 1239 442 1271 ad
464 1249 515 1270 me
538 1239 681 1280 scripsit,
704 1249 784 1281 quae
805 1239 995 1270 sententiam
1017 1250 1113 1282 supra
1135 1245 1342 1271 memoratam
1364 1238 1540 1271 lectoribus
1562 1238 1656 1270 facile
1678 1237 1925 1281 persuadebunt.

430 1294 686 1336 „Inscriptiones
708 1301 773 1326 tres
795 1294 989 1326 Phoeniciae
1011 1296 1044 1327 in
1067 1295 1175 1327 Attica
1196 1301 1361 1338 repertae,
1391 1307 1411 1327 a
1434 1295 1623 1338 quibusnam
1643 1294 1828 1327 hominibus
1853 1304 1926 1335 pro-

913 1350 996 1383 Nam
1020 1363 1115 1393 quum
1131 1350 1267 1383 debeant
1288 1353 1387 1394 repeti
1410 1358 1476 1388 aut,
1487 1352 1526 1384 ab
1548 1353 1608 1391 iis,
1638 1362 1771 1393 quorum
1785 1351 1924 1382 maiores

301 1410 486 1450 antiquitus
508 1417 549 1438 ex
571 1406 732 1438 Phoenice
753 1408 816 1438 orti
838 1408 872 1438 in
894 1407 1034 1439 Atticam
1057 1409 1219 1439 civitatem
1241 1409 1361 1450 recepti
1381 1414 1489 1447 erant,
1519 1414 1573 1439 aut
1595 1407 1635 1439 ab
1657 1409 1714 1447 iis,
1744 1408 1798 1449 qui
1810 1416 1924 1438 recem

299 1464 369 1495 sive
399 1463 462 1505 ipsi
490 1464 559 1494 sive
587 1470 695 1505 patres
723 1464 837 1505 avique
870 1460 905 1495 in
933 1463 1072 1496 Atticam
1104 1465 1365 1506 immigraverant
1393 1464 1501 1507 ibique
1531 1463 1726 1496 domicilium
1756 1470 1788 1494 et
1815 1463 1923 1494 sedem

299 1519 548 1558 constituerant,
589 1520 719 1551 tertium
747 1526 854 1552 autem
877 1531 940 1551 non
965 1520 1076 1557 detur;
1113 1521 1167 1562 qui
1189 1521 1321 1551 evicerit
1343 1521 1382 1552 de
1404 1520 1470 1551 illis
1492 1531 1557 1551 non
1578 1531 1690 1562 posse,
1720 1518 1816 1551 simul
1839 1529 1923 1550 com-

299 1351 403 1382 fectae
425 1351 507 1389 sint,
536 1351 593 1382 vix
616 1351 700 1382 serio
723 1361 868 1392 quaeras.

298 1573 448 1617 probabit
476 1575 515 1606 de
543 1575 594 1606 his
623 1575 703 1607 solis
734 1575 852 1607 debere
882 1577 1028 1619 cogitari.
1072 1575 1172 1618 Atqui
1206 1577 1347 1618 priorem
1384 1577 1578 1608 sententiam
1612 1577 1695 1608 tueri
1731 1577 1784 1617 qui
1814 1574 1921 1614 vellet,

298 1631 431 1663 deberet
452 1632 678 1674 inscriptiones
701 1637 756 1663 aut
778 1633 819 1664 ad
842 1631 1105 1675 Gephyraeorum
1127 1638 1181 1663 aut
1203 1632 1243 1663 ad
1259 1632 1456 1664 Phoenicum
1478 1632 1602 1675 aliquos
1623 1631 1922 1675 gentiles-referre3

300 1698 373 1719 nam
403 1686 485 1719 alios
513 1687 639 1719 Atticae
669 1687 792 1720 incolas
826 1688 1030 1720 Phoeniciam
1060 1689 1217 1731 originem
1248 1700 1323 1731 prae
1351 1700 1386 1721 se
1416 1689 1546 1729 tulisse,
1579 1700 1619 1720 ne
1641 1689 1760 1721 fabulis
1783 1690 1922 1732 quidem,

300 1744 383 1785 quod
405 1745 522 1782 sciam,
559 1745 709 1776 traditum
733 1751 791 1777 est.
835 1744 1045 1787 Gephyraeos
1063 1751 1169 1776 autem
1189 1755 1266 1777 sane
1282 1745 1467 1777 Herodotus
1492 1747 1544 1788 (5,
1569 1747 1727 1788 57—61)
1750 1747 1790 1787 **)
1814 1747 1924 1777 statuit

297 1799 476 1831 Phoenices
499 1798 659 1831 Cadmeos
678 1800 799 1839 fuisse,
831 1799 990 1833 Cadmeos
1013 1812 1090 1833 vero
1113 1802 1199 1833 idem
1220 1812 1327 1833 rerum
1342 1803 1479 1844 scriptor
1496 1813 1569 1833 cum
1587 1801 1712 1844 vulgari
1726 1802 1923 1833 Graecorum

297 1856 384 1887 fama
406 1867 447 1888 ex
469 1856 631 1888 Phoenice
644 1863 731 1899 putat
745 1857 955 1894 derivandos;
976 1864 1070 1900 atque
1084 1858 1196 1889 eodem
1212 1857 1409 1889 Phoenicum
1426 1869 1550 1901 quoque
1564 1865 1691 1901 gentem
1707 1858 1849 1890 Atticam
1866 1858 1922 1900 '‘**)

298 1918 441 1954 spectare
470 1918 506 1944 ut
532 1919 669 1952 statuas,
708 1923 825 1945 nomen
848 1915 953 1956 ipsum
976 1915 1101 1946 videtur
1123 1914 1268 1946 suadere.
1309 1914 1458 1946 Attamen
1483 1916 1622 1953 neutris,
1658 1916 1687 1946 si
1710 1914 1759 1945 vel
1781 1916 1922 1946 maxime

298 1978 369 2001 cum
387 1968 548 2000 Phoenice
572 1968 800 2008 cohaeserunt,
824 1980 879 2001 eas
902 1972 1128 2012 inscriptiones
1151 1981 1222 2002 esse
1240 1970 1426 2003 tribuendas
1444 1982 1508 2002 una
1522 1973 1604 2002 ratio
1620 1973 1697 2003 satis
1714 1973 1777 2002 iam
1793 1973 1921 2003 evincit.

297 2023 444 2068 Namque
479 2036 550 2056 cum
587 2024 664 2056 illae
702 2027 928 2069 inscriptiones
965 2026 1144 2068 olympiade
1178 2028 1352 2059 centesima
1382 2027 1502 2070 aliquot
1531 2029 1623 2059 annis
1650 2029 1819 2060 videantur
1850 2039 1921 2060 esse

298 2082 510 2122 posteriores,
546 2092 673 2113 omnem
701 2082 806 2127 fidem»
820 2090 952 2126 superat
973 2094 1012 2114 eo
1036 2090 1178 2125 tempore
1201 2085 1348 2126 cuiquam
1371 2095 1413 2115 ex
1435 2084 1608 2126 gentilibus
1634 2096 1742 2117 earum
1766 2086 1919 2127 gentium,

349 2206 378 2242 1’“)
402 2210 506 2240 B‘o‘ckh,
532 2211 675 2243 Erkldrung
700 2212 768 2237 einer
796 2213 925 2238 Auischen
958 2214 1076 2239 Urkunde

298 2258 358 2282 iiber·
384 2258 430 2283 clas
457 2258 487 2284 V
485 2261 599 2290 ermb‘gen
625 2260 669 2284 eles
693 2261 881 2292 Apollinischen
907 2262 1075 2293 Heitigthums

300 2304 438 2336 aufDelos
454 2315 481 2339 p.
496 2306 543 2332 162
564 2309 615 2339 „ln
635 2308 682 2332 den
699 2308 787 2333 &chien
804 2310 891 2334 Reden
907 2310 951 2334 des
969 2311 1076 2334 Deinar-

301 2354 359 2379 cho-⁹
385 2353 479 2385 besand
506 2355 557 2379 sich
579 2356 633 2380 eine
658 2352 816 2382 διαδικασία
841 2355 993 2389 Φαληρέων
1010 2355 1077 2390 πρός

301 2401 434 2428 Φοίνικας
465 2398 533 2436 ὖπέρ
570 2400 618 2436 τῆς
650 2400 796 2436 ιὀρωσῦνης
826 2401 875 2429 τοῦ
904 2402 1076 2432 Ποσειδῶνος

300 2448 433 2483 (Dionys.
461 2459 488 2484 p.
513 2449 595 2484 116),
628 2461 666 2477 wo
688 2450 758 2485 πρὸς
785 2452 916 2477 Φοίνικας
940 2454 1005 2477 nicht
1032 2455 1074 2478 mit

713 2501 750 2527 Ob
772 2500 863 2533 jedoch
890 2502 931 2526 die
950 2501 1075 2528 Φοίνικες

302 2545 340 2568 ein
361 2546 475 2571 muschus
493 2548 637 2573 Geschlecht
657 2558 756 2581 waren,
776 2550 823 2574 wie
841 2550 882 2574 die
895 2550 1073 2576 Phanizischen

304 2592 455 2627 Gephyrfier,
476 2596 506 2620 ist
524 2597 570 2620 mir
583 2596 746 2628 zweijselhasl.
790 2598 868 2623 Some
885 2599 1008 2624 vielleicht
1025 2608 1073 2631 gar

301 2497 407 2529 Sylburg
433 2497 597 2529 unzuseehten
623 2502 663 2525 isi.

1144 2214 1183 2237 ein
1202 2213 1375 2245 phanizischer
1390 2214 1480 2238 Diensi
1498 2214 1522 2238 in
1536 2214 1581 2238 der
1594 2214 1669 2239 Nci'he
1683 2215 1726 2239 cles
1744 2214 1919 2239 Phalerischen

1144 2261 1244 2286 Gebiets
1262 2270 1374 2292 gewesen
1391 2263 1470 2294 seyn?
1497 2263 1655 2287 Mindestens
1676 2264 1706 2287 isi
1728 2272 1753 2287 es
1771 2262 1919 2294 nuffallend,

1143 2309 1203 2333 dass
1233 2310 1257 2334 in
1286 2311 1375 2334 Attica
1400 2310 1474 2336 sehon
1504 2311 1558 2336 drei
1583 2311 1741 2344 phb'nizische
1771 2309 1917 2340 Inschrislen

1142 2356 1268 2389 gesur-den
1286 2359 1350 2383 sind.

1194 2405 1236 2437 **)
1257 2407 1337 2431 Plura
1355 2406 1388 2432 tle
1402 2406 1568 2440 Gephyraeis
1584 2407 1684 2431 dabunt
1698 2408 1829 2432 Meursius
1842 2406 1916 2430 Lect.

1143 2452 1215 2480 attio.
1239 2454 1283 2487 V,
1309 2455 1353 2480 31.
1389 2456 1531 2480 Bocharius
1553 2455 1582 2480 in
1607 2454 1713 2481 Canaan
1742 2457 1771 2486 1,
1795 2455 1836 2478 21.
1874 2452 1918 2478 Cf.

1141 2502 1286 2528 Hamaker.
1308 2503 1424 2528 Miscell.
1443 2504 1541 2535 phoen.
1562 2512 1589 2536 p.
1604 2505 1662 2528 213.

1193 2549 1252 2583 ***)
1269 2551 1441 2584 Hesychius:
1467 2552 1600 2584 Φοίνικες,
1618 2552 1693 2584 γένος
1711 2553 1735 2575 τὶ
1755 2545 1916 2581 Ἀθήνησιν.

1143 2598 1184 2627 Cf.
1203 2599 1292 2626 Meier
1311 2600 1343 2625 de
1363 2599 1478 2635 gentilit.
1496 2599 1574 2625 attica
1592 2608 1618 2632 p.
1634 2599 1674 2624 53.
