<?xml version="1.0" encoding="UTF-8"?>
<!DOCTYPE html PUBLIC "-//W3C//DTD XHTML 1.0 Transitional//EN"
    "http://www.w3.org/TR/xhtml1/DTD/xhtml1-transitional.dtd">
<html xmlns="http://www.w3.org/1999/xhtml" xml:lang="en" lang="en">
 <head>
  <title>
</title>
<meta http-equiv="Content-Type" content="text/html;charset=utf-8" />
  <meta name='ocr-system' content='tesseract 3.04.00' />
  <meta name='ocr-capabilities' content='ocr_page ocr_carea ocr_par ocr_line ocrx_word'/>
</head>
<body>
  <div class='ocr_page' id='page_1' title='image "./scripturaelingua00geseuoft_0240.png"; bbox 0 0 2242 2976; ppageno 0'>
   <div class='ocr_carea' id='block_1_1' title="bbox 325 261 1905 306">
    <p class='ocr_par' dir='ltr' id='par_1_1' title="bbox 325 261 1905 306">
     <span class='ocr_line' id='line_1_1' title="bbox 325 261 1905 306; baseline -0.004 0"><span class='ocrx_word' id='word_1_1' title='bbox 325 267 400 306; x_wconf 83' lang='lat'>206</span> <span class='ocrx_word' id='word_1_2' title='bbox 451 263 584 298; x_wconf 86' lang='lat' dir='ltr'><strong>LIBER</strong></span> <span class='ocrx_word' id='word_1_3' title='bbox 599 261 846 298; x_wconf 84' lang='lat' dir='ltr'>SECUNDUS.</span> <span class='ocrx_word' id='word_1_4' title='bbox 883 261 1219 298; x_wconf 81' lang='lat' dir='ltr'>INSCRIPTIONES</span> <span class='ocrx_word' id='word_1_5' title='bbox 1233 262 1529 300; x_wconf 55' lang='lat' dir='ltr'>moabitem&amp;</span> <span class='ocrx_word' id='word_1_6' title='bbox 1540 264 1694 301; x_wconf 72' lang='lat' dir='ltr'><strong>CAPUT</strong></span> <span class='ocrx_word' id='word_1_7' title='bbox 1705 266 1905 301; x_wconf 71' lang='lat' dir='ltr'>SEXTUM.</span> 
     </span>
    </p>
   </div>
   <div class='ocr_carea' id='block_1_2' title="bbox 319 354 1946 786">
    <p class='ocr_par' dir='ltr' id='par_1_2' title="bbox 319 354 1946 786">
     <span class='ocr_line' id='line_1_2' title="bbox 448 354 1939 402; baseline 0.006 -14"><span class='ocrx_word' id='word_1_8' title='bbox 448 359 540 396; x_wconf 82' lang='lat' dir='ltr'>Quae</span> <span class='ocrx_word' id='word_1_9' title='bbox 569 355 610 387; x_wconf 89' lang='lat' dir='ltr'>ab</span> <span class='ocrx_word' id='word_1_10' title='bbox 638 356 730 387; x_wconf 89' lang='lat' dir='ltr'>initio</span> <span class='ocrx_word' id='word_1_11' title='bbox 751 354 858 387; x_wconf 88' lang='lat' dir='ltr'>lineae</span> <span class='ocrx_word' id='word_1_12' title='bbox 880 363 1011 399; x_wconf 75' lang='lat' dir='ltr'>quartae</span> <span class='ocrx_word' id='word_1_13' title='bbox 1034 355 1140 388; x_wconf 87' lang='lat' dir='ltr'>deleta</span> <span class='ocrx_word' id='word_1_14' title='bbox 1158 364 1252 396; x_wconf 88' lang='lat' dir='ltr'>sunt,</span> <span class='ocrx_word' id='word_1_15' title='bbox 1284 357 1325 389; x_wconf 92' lang='lat' dir='ltr'>de</span> <span class='ocrx_word' id='word_1_16' title='bbox 1347 368 1419 391; x_wconf 82' lang='lat' dir='ltr'>mea</span> <span class='ocrx_word' id='word_1_17' title='bbox 1439 361 1598 398; x_wconf 73' lang='lat' dir='ltr'>sententis</span> <span class='ocrx_word' id='word_1_18' title='bbox 1618 362 1801 402; x_wconf 70' lang='lat' dir='ltr'>proviae&#39;ne</span> <span class='ocrx_word' id='word_1_19' title='bbox 1823 373 1939 396; x_wconf 82' lang='lat' dir='ltr'>nomen</span> 
     </span>
     <span class='ocr_line' id='line_1_3' title="bbox 320 406 1940 463; baseline 0 -12"><span class='ocrx_word' id='word_1_20' title='bbox 320 415 542 452; x_wconf 77' lang='lat' dir='ltr'>continebant,</span> <span class='ocrx_word' id='word_1_21' title='bbox 588 412 641 444; x_wconf 89' lang='lat' dir='ltr'>cui</span> <span class='ocrx_word' id='word_1_22' title='bbox 672 410 840 454; x_wconf 74' lang='lat' dir='ltr'><strong>Hiempsal</strong></span> <span class='ocrx_word' id='word_1_23' title='bbox 875 412 1055 455; x_wconf 69' lang='lat' dir='ltr'><strong>praefectus</strong></span> <span class='ocrx_word' id='word_1_24' title='bbox 1092 419 1171 446; x_wconf 86' lang='lat' dir='ltr'>erat.</span> <span class='ocrx_word' id='word_1_25' title='bbox 1234 406 1350 446; x_wconf 57' lang='lat' dir='ltr'>Eranar</span> <span class='ocrx_word' id='word_1_26' title='bbox 1374 422 1481 460; x_wconf 71' lang='lat' dir='ltr'>autem</span> <span class='ocrx_word' id='word_1_27' title='bbox 1516 416 1666 450; x_wconf 80' lang='lat' dir='ltr'>videntur</span> <span class='ocrx_word' id='word_1_28' title='bbox 1694 418 1767 450; x_wconf 77' lang='lat' dir='ltr'>:iam</span> <span class='ocrx_word' id='word_1_29' title='bbox 1788 420 1940 463; x_wconf 82' lang='lat' dir='ltr'>-antiquis</span> 
     </span>
     <span class='ocr_line' id='line_1_4' title="bbox 321 467 1941 519; baseline 0 -12"><span class='ocrx_word' id='word_1_30' title='bbox 321 470 519 515; x_wconf 79' lang='lat' dir='ltr'><strong>temporibus</strong></span> <span class='ocrx_word' id='word_1_31' title='bbox 549 467 589 499; x_wconf 88' lang='lat' dir='ltr'>ab</span> <span class='ocrx_word' id='word_1_32' title='bbox 618 467 822 507; x_wconf 87' lang='lat' dir='ltr'>hominibus,</span> <span class='ocrx_word' id='word_1_33' title='bbox 860 469 916 511; x_wconf 85' lang='lat' dir='ltr'>qui</span> <span class='ocrx_word' id='word_1_34' title='bbox 945 468 1032 501; x_wconf 89' lang='lat' dir='ltr'>huuc</span> <span class='ocrx_word' id='word_1_35' title='bbox 1062 476 1241 512; x_wconf 74' lang='lat' dir='ltr'><strong>praetorem</strong></span> <span class='ocrx_word' id='word_1_36' title='bbox 1270 481 1297 503; x_wconf 90' lang='lat' dir='ltr'>s.</span> <span class='ocrx_word' id='word_1_37' title='bbox 1326 481 1494 514; x_wconf 84' lang='lat' dir='ltr'>proregem</span> <span class='ocrx_word' id='word_1_38' title='bbox 1522 472 1598 505; x_wconf 88' lang='lat' dir='ltr'>odio</span> <span class='ocrx_word' id='word_1_39' title='bbox 1626 471 1941 519; x_wconf 80' lang='lat' dir='ltr'>babebanteiusque</span> 
     </span>
     <span class='ocr_line' id='line_1_5' title="bbox 321 523 1941 572; baseline 0.002 -12"><span class='ocrx_word' id='word_1_40' title='bbox 321 533 430 572; x_wconf 86' lang='lat' dir='ltr'>iugum</span> <span class='ocrx_word' id='word_1_41' title='bbox 452 524 585 558; x_wconf 85' lang='lat' dir='ltr'>moleste</span> <span class='ocrx_word' id='word_1_42' title='bbox 606 523 771 556; x_wconf 80' lang='lat' dir='ltr'>ferebant:</span> <span class='ocrx_word' id='word_1_43' title='bbox 802 525 894 557; x_wconf 86' lang='lat' dir='ltr'>cuius</span> <span class='ocrx_word' id='word_1_44' title='bbox 916 526 964 557; x_wconf 89' lang='lat' dir='ltr'>rei</span> <span class='ocrx_word' id='word_1_45' title='bbox 989 533 1143 558; x_wconf 75' lang='lat' dir='ltr'>sexcenta</span> <span class='ocrx_word' id='word_1_46' title='bbox 1165 525 1314 569; x_wconf 84' lang='lat' dir='ltr'>exempla</span> <span class='ocrx_word' id='word_1_47' title='bbox 1336 534 1465 560; x_wconf 84' lang='lat' dir='ltr'>exstant</span> <span class='ocrx_word' id='word_1_48' title='bbox 1492 538 1522 559; x_wconf 89' lang='lat' dir='ltr'>v.</span> <span class='ocrx_word' id='word_1_49' title='bbox 1546 539 1574 562; x_wconf 88' lang='lat' dir='ltr'>e.</span> <span class='ocrx_word' id='word_1_50' title='bbox 1604 530 1638 563; x_wconf 87' lang='lat' dir='ltr'>in</span> <span class='ocrx_word' id='word_1_51' title='bbox 1661 529 1844 563; x_wconf 73' lang='lat' dir='ltr'>nonninibas</span> <span class='ocrx_word' id='word_1_52' title='bbox 1866 532 1941 564; x_wconf 85' lang='lat' dir='ltr'>titu-</span> 
     </span>
     <span class='ocr_line' id='line_1_6' title="bbox 320 579 1946 631; baseline 0.001 -13"><span class='ocrx_word' id='word_1_53' title='bbox 320 586 423 627; x_wconf 83' lang='lat' dir='ltr'><strong>lisque</strong></span> <span class='ocrx_word' id='word_1_54' title='bbox 461 584 690 624; x_wconf 84' lang='lat' dir='ltr'>imperatorum</span> <span class='ocrx_word' id='word_1_55' title='bbox 720 579 957 620; x_wconf 88' lang='lat' dir='ltr'>Romanorum,</span> <span class='ocrx_word' id='word_1_56' title='bbox 997 592 1078 624; x_wconf 88' lang='lat' dir='ltr'>quae</span> <span class='ocrx_word' id='word_1_57' title='bbox 1106 584 1301 626; x_wconf 69' lang='lat' dir='ltr'>⁸saepissime</span> <span class='ocrx_word' id='word_1_58' title='bbox 1338 584 1396 626; x_wconf 85' lang='lat' dir='ltr'>(ut</span> <span class='ocrx_word' id='word_1_59' title='bbox 1426 585 1571 624; x_wconf 87' lang='lat' dir='ltr'>videtur,</span> <span class='ocrx_word' id='word_1_60' title='bbox 1607 596 1628 617; x_wconf 84' lang='lat' dir='ltr'>a</span> <span class='ocrx_word' id='word_1_61' title='bbox 1655 584 1870 629; x_wconf 73' lang='lat' dir='ltr'>Christianis)</span> <span class='ocrx_word' id='word_1_62' title='bbox 1892 597 1946 631; x_wconf 29' lang='lat' dir='ltr'>..qs</span> 
     </span>
     <span class='ocr_line' id='line_1_7' title="bbox 320 637 1943 686; baseline 0.001 -12"><span class='ocrx_word' id='word_1_63' title='bbox 320 637 584 682; x_wconf 76' lang='lat' dir='ltr'>inscriptionibus</span> <span class='ocrx_word' id='word_1_64' title='bbox 607 647 718 668; x_wconf 85' lang='lat' dir='ltr'>erasae</span> <span class='ocrx_word' id='word_1_65' title='bbox 740 645 814 669; x_wconf 89' lang='lat' dir='ltr'>sunt</span> <span class='ocrx_word' id='word_1_66' title='bbox 843 637 891 680; x_wconf 92' lang='lat' dir='ltr'>(v.</span> <span class='ocrx_word' id='word_1_67' title='bbox 914 637 1098 670; x_wconf 88' lang='lat' dir='ltr'>Burkhardt</span> <span class='ocrx_word' id='word_1_68' title='bbox 1126 639 1197 670; x_wconf 89' lang='lat' dir='ltr'>itin.</span> <span class='ocrx_word' id='word_1_69' title='bbox 1222 638 1335 680; x_wconf 83' lang='lat' dir='ltr'>Syriae</span> <span class='ocrx_word' id='word_1_70' title='bbox 1360 651 1389 682; x_wconf 93' lang='lat' dir='ltr'>p.</span> <span class='ocrx_word' id='word_1_71' title='bbox 1414 643 1486 672; x_wconf 85' lang='lat'>202.</span> <span class='ocrx_word' id='word_1_72' title='bbox 1507 643 1570 674; x_wconf 84' lang='lat'>499</span> <span class='ocrx_word' id='word_1_73' title='bbox 1599 642 1650 673; x_wconf 91' lang='lat' dir='ltr'>ed.</span> <span class='ocrx_word' id='word_1_74' title='bbox 1674 642 1808 686; x_wconf 70' lang='lat' dir='ltr'>gerim).</span> <span class='ocrx_word' id='word_1_75' title='bbox 1852 641 1943 681; x_wconf 77' lang='lat' dir='ltr'>Quae</span> 
     </span>
     <span class='ocr_line' id='line_1_8' title="bbox 319 693 1943 740; baseline 0.001 -10"><span class='ocrx_word' id='word_1_76' title='bbox 319 702 490 740; x_wconf 78' lang='lat' dir='ltr'>supersunt</span> <span class='ocrx_word' id='word_1_77' title='bbox 510 693 651 726; x_wconf 77' lang='lat' dir='ltr'>litterae:</span> <span class='ocrx_word' id='word_1_78' title='bbox 682 702 807 726; x_wconf 62' lang='lat' dir='ltr'>amun:</span> <span class='ocrx_word' id='word_1_79' title='bbox 831 693 903 738; x_wconf 79' lang='lat' dir='ltr'>(vel</span> <span class='ocrx_word' id='word_1_80' title='bbox 925 693 979 739; x_wconf 72' lang='lat'>72)</span> <span class='ocrx_word' id='word_1_81' title='bbox 1002 694 1041 726; x_wconf 86' lang='lat' dir='ltr'>ad</span> <span class='ocrx_word' id='word_1_82' title='bbox 1058 693 1256 738; x_wconf 82' lang='lat' dir='ltr'>Hiempsalis</span> <span class='ocrx_word' id='word_1_83' title='bbox 1279 697 1418 729; x_wconf 88' lang='lat' dir='ltr'>maiores</span> <span class='ocrx_word' id='word_1_84' title='bbox 1434 699 1625 740; x_wconf 80' lang='lat' dir='ltr'>pertinuisse</span> <span class='ocrx_word' id='word_1_85' title='bbox 1643 699 1808 732; x_wconf 86' lang='lat' dir='ltr'>videntur:</span> <span class='ocrx_word' id='word_1_86' title='bbox 1830 699 1888 731; x_wconf 89' lang='lat' dir='ltr'>sed</span> <span class='ocrx_word' id='word_1_87' title='bbox 1903 699 1943 732; x_wconf 86' lang='lat' dir='ltr'>de</span> 
     </span>
     <span class='ocr_line' id='line_1_9' title="bbox 320 750 598 786; baseline -0.014 0"><span class='ocrx_word' id='word_1_88' title='bbox 320 754 371 786; x_wconf 85' lang='lat' dir='ltr'>his</span> <span class='ocrx_word' id='word_1_89' title='bbox 398 751 444 785; x_wconf 88' lang='lat' dir='ltr'>nil</span> <span class='ocrx_word' id='word_1_90' title='bbox 468 750 598 784; x_wconf 85' lang='lat' dir='ltr'>definio.</span> 
     </span>
    </p>
   </div>
   <div class='ocr_carea' id='block_1_3' title="bbox 319 819 1952 1150">
    <p class='ocr_par' dir='ltr' id='par_1_3' title="bbox 319 819 1952 1150">
     <span class='ocr_line' id='line_1_10' title="bbox 449 819 1944 868; baseline 0.003 -15"><span class='ocrx_word' id='word_1_91' title='bbox 449 822 630 853; x_wconf 84' lang='lat' dir='ltr'>Posuerunt</span> <span class='ocrx_word' id='word_1_92' title='bbox 658 821 757 863; x_wconf 84' lang='lat' dir='ltr'>igitur</span> <span class='ocrx_word' id='word_1_93' title='bbox 786 820 872 852; x_wconf 90' lang='lat' dir='ltr'>huuc</span> <span class='ocrx_word' id='word_1_94' title='bbox 901 819 1026 853; x_wconf 88' lang='lat' dir='ltr'>titulum</span> <span class='ocrx_word' id='word_1_95' title='bbox 1056 822 1237 861; x_wconf 81' lang='lat' dir='ltr'>communi,</span> <span class='ocrx_word' id='word_1_96' title='bbox 1273 829 1308 854; x_wconf 87' lang='lat' dir='ltr'>ut</span> <span class='ocrx_word' id='word_1_97' title='bbox 1334 823 1477 862; x_wconf 81' lang='lat' dir='ltr'>videtur,</span> <span class='ocrx_word' id='word_1_98' title='bbox 1509 830 1616 856; x_wconf 87' lang='lat' dir='ltr'>sumtu</span> <span class='ocrx_word' id='word_1_99' title='bbox 1640 825 1704 857; x_wconf 93' lang='lat' dir='ltr'>duo</span> <span class='ocrx_word' id='word_1_100' title='bbox 1729 824 1944 868; x_wconf 64' lang='lat' dir='ltr'>Hiempsalem,</span> 
     </span>
     <span class='ocr_line' id='line_1_11' title="bbox 320 875 1944 924; baseline 0.002 -12"><span class='ocrx_word' id='word_1_101' title='bbox 320 890 456 923; x_wconf 87' lang='lat' dir='ltr'>qnorum</span> <span class='ocrx_word' id='word_1_102' title='bbox 477 877 559 919; x_wconf 84' lang='lat' dir='ltr'>alter</span> <span class='ocrx_word' id='word_1_103' title='bbox 581 878 766 919; x_wconf 89' lang='lat' dir='ltr'>provinciae</span> <span class='ocrx_word' id='word_1_104' title='bbox 782 877 907 909; x_wconf 90' lang='lat' dir='ltr'>cuidam</span> <span class='ocrx_word' id='word_1_105' title='bbox 923 875 1114 909; x_wconf 77' lang='lat' dir='ltr'>Numidicae</span> <span class='ocrx_word' id='word_1_106' title='bbox 1128 877 1308 920; x_wconf 77' lang='lat' dir='ltr'>praefectus</span> <span class='ocrx_word' id='word_1_107' title='bbox 1323 886 1410 918; x_wconf 86' lang='lat' dir='ltr'>erat,</span> <span class='ocrx_word' id='word_1_108' title='bbox 1432 890 1574 923; x_wconf 83' lang='lat' dir='ltr'>quosque</span> <span class='ocrx_word' id='word_1_109' title='bbox 1590 891 1632 914; x_wconf 85' lang='lat' dir='ltr'>ex</span> <span class='ocrx_word' id='word_1_110' title='bbox 1646 882 1737 924; x_wconf 87' lang='lat' dir='ltr'>regia</span> <span class='ocrx_word' id='word_1_111' title='bbox 1753 881 1944 915; x_wconf 77' lang='lat' dir='ltr'>Masinissae</span> 
     </span>
     <span class='ocr_line' id='line_1_12' title="bbox 319 931 1943 981; baseline 0.002 -13"><span class='ocrx_word' id='word_1_112' title='bbox 319 943 351 968; x_wconf 89' lang='lat' dir='ltr'>et</span> <span class='ocrx_word' id='word_1_113' title='bbox 373 933 596 977; x_wconf 86' lang='lat' dir='ltr'>Hiempsalum</span> <span class='ocrx_word' id='word_1_114' title='bbox 620 934 718 975; x_wconf 85' lang='lat' dir='ltr'>stirpe</span> <span class='ocrx_word' id='word_1_115' title='bbox 740 939 827 964; x_wconf 85' lang='lat' dir='ltr'>ortos</span> <span class='ocrx_word' id='word_1_116' title='bbox 849 935 1025 975; x_wconf 88' lang='lat' dir='ltr'>putaverim</span> <span class='ocrx_word' id='word_1_117' title='bbox 1048 935 1164 966; x_wconf 82' lang='lat' dir='ltr'>iccirco</span> <span class='ocrx_word' id='word_1_118' title='bbox 1187 931 1272 977; x_wconf 85' lang='lat' dir='ltr'>quod</span> <span class='ocrx_word' id='word_1_119' title='bbox 1295 934 1492 978; x_wconf 78' lang='lat' dir='ltr'>Hiempsalis</span> <span class='ocrx_word' id='word_1_120' title='bbox 1518 948 1634 969; x_wconf 89' lang='lat' dir='ltr'>nornen</span> <span class='ocrx_word' id='word_1_121' title='bbox 1653 937 1703 970; x_wconf 89' lang='lat' dir='ltr'>illi</span> <span class='ocrx_word' id='word_1_122' title='bbox 1716 939 1805 981; x_wconf 81' lang='lat' dir='ltr'>genti</span> <span class='ocrx_word' id='word_1_123' title='bbox 1821 945 1943 971; x_wconf 82' lang='lat' dir='ltr'>tantum</span> 
     </span>
     <span class='ocr_line' id='line_1_13' title="bbox 319 988 1952 1035; baseline 0 -10"><span class='ocrx_word' id='word_1_124' title='bbox 319 1004 384 1025; x_wconf 89' lang='lat' dir='ltr'>non</span> <span class='ocrx_word' id='word_1_125' title='bbox 406 993 531 1035; x_wconf 90' lang='lat' dir='ltr'>privum</span> <span class='ocrx_word' id='word_1_126' title='bbox 555 996 623 1021; x_wconf 86' lang='lat' dir='ltr'>erat</span> <span class='ocrx_word' id='word_1_127' title='bbox 640 996 673 1020; x_wconf 88' lang='lat' dir='ltr'>et</span> <span class='ocrx_word' id='word_1_128' title='bbox 694 988 874 1032; x_wconf 79' lang='lat' dir='ltr'>peculiare,</span> <span class='ocrx_word' id='word_1_129' title='bbox 898 996 1047 1032; x_wconf 85' lang='lat' dir='ltr'>tantaque</span> <span class='ocrx_word' id='word_1_130' title='bbox 1069 989 1165 1022; x_wconf 82' lang='lat' dir='ltr'>huius</span> <span class='ocrx_word' id='word_1_131' title='bbox 1186 993 1386 1023; x_wconf 85' lang='lat' dir='ltr'>monumenti</span> <span class='ocrx_word' id='word_1_132' title='bbox 1401 1003 1474 1024; x_wconf 90' lang='lat' dir='ltr'>cum</span> <span class='ocrx_word' id='word_1_133' title='bbox 1491 993 1754 1035; x_wconf 68' lang='lat' dir='ltr'>praecedentibus</span> <span class='ocrx_word' id='word_1_134' title='bbox 1768 1001 1818 1027; x_wconf 85' lang='lat' dir='ltr'>est</span> <span class='ocrx_word' id='word_1_135' title='bbox 1834 1005 1952 1026; x_wconf 87' lang='lat' dir='ltr'>neces-.</span> 
     </span>
     <span class='ocr_line' id='line_1_14' title="bbox 320 1044 1942 1091; baseline 0.001 -10"><span class='ocrx_word' id='word_1_136' title='bbox 320 1049 436 1081; x_wconf 90' lang='lat' dir='ltr'>situdo.</span> <span class='ocrx_word' id='word_1_137' title='bbox 481 1046 576 1084; x_wconf 77' lang='lat' dir='ltr'>Quod</span> <span class='ocrx_word' id='word_1_138' title='bbox 599 1053 705 1077; x_wconf 87' lang='lat' dir='ltr'>autem</span> <span class='ocrx_word' id='word_1_139' title='bbox 728 1044 789 1077; x_wconf 89' lang='lat' dir='ltr'>hoc</span> <span class='ocrx_word' id='word_1_140' title='bbox 811 1053 1050 1077; x_wconf 86' lang='lat' dir='ltr'>monumentum</span> <span class='ocrx_word' id='word_1_141' title='bbox 1073 1046 1112 1078; x_wconf 89' lang='lat' dir='ltr'>ad</span> <span class='ocrx_word' id='word_1_142' title='bbox 1135 1047 1274 1088; x_wconf 85' lang='lat' dir='ltr'>priorum</span> <span class='ocrx_word' id='word_1_143' title='bbox 1297 1046 1426 1080; x_wconf 89' lang='lat' dir='ltr'>illorum</span> <span class='ocrx_word' id='word_1_144' title='bbox 1449 1048 1642 1091; x_wconf 79' lang='lat' dir='ltr'>elegantiam</span> <span class='ocrx_word' id='word_1_145' title='bbox 1661 1057 1693 1081; x_wconf 88' lang='lat' dir='ltr'>et</span> <span class='ocrx_word' id='word_1_146' title='bbox 1705 1051 1942 1083; x_wconf 74' lang='lat' dir='ltr'>accurationem</span> 
     </span>
     <span class='ocr_line' id='line_1_15' title="bbox 323 1100 1944 1150; baseline 0.001 -13"><span class='ocrx_word' id='word_1_147' title='bbox 323 1116 387 1137; x_wconf 90' lang='lat' dir='ltr'>non</span> <span class='ocrx_word' id='word_1_148' title='bbox 410 1102 533 1136; x_wconf 88' lang='lat' dir='ltr'>accedit</span> <span class='ocrx_word' id='word_1_149' title='bbox 546 1125 556 1142; x_wconf 96' lang='lat'>,</span> <span class='ocrx_word' id='word_1_150' title='bbox 589 1100 851 1144; x_wconf 81' lang='lat' dir='ltr'>orthographiam</span> <span class='ocrx_word' id='word_1_151' title='bbox 874 1102 970 1134; x_wconf 89' lang='lat' dir='ltr'>etiam</span> <span class='ocrx_word' id='word_1_152' title='bbox 991 1103 1134 1145; x_wconf 84' lang='lat' dir='ltr'>sequitur</span> <span class='ocrx_word' id='word_1_153' title='bbox 1160 1102 1202 1134; x_wconf 87' lang='lat' dir='ltr'>ad</span> <span class='ocrx_word' id='word_1_154' title='bbox 1223 1101 1355 1146; x_wconf 82' lang='lat' dir='ltr'>linguae</span> <span class='ocrx_word' id='word_1_155' title='bbox 1374 1115 1474 1138; x_wconf 81' lang='lat' dir='ltr'>sonos</span> <span class='ocrx_word' id='word_1_156' title='bbox 1496 1107 1600 1149; x_wconf 84' lang='lat' dir='ltr'>magis</span> <span class='ocrx_word' id='word_1_157' title='bbox 1619 1117 1714 1149; x_wconf 86' lang='lat' dir='ltr'>quam</span> <span class='ocrx_word' id='word_1_158' title='bbox 1736 1108 1833 1148; x_wconf 81' lang='lat' dir='ltr'>etymi</span> <span class='ocrx_word' id='word_1_159' title='bbox 1854 1106 1944 1150; x_wconf 87' lang='lat' dir='ltr'>leges</span> 
     </span>
    </p>
   </div>
   <div class='ocr_carea' id='block_1_4' title="bbox 319 1157 1943 1258">
    <p class='ocr_par' dir='ltr' id='par_1_4' title="bbox 319 1157 1943 1258">
     <span class='ocr_line' id='line_1_16' title="bbox 321 1157 1943 1206; baseline 0.001 -12"><span class='ocrx_word' id='word_1_160' title='bbox 321 1161 551 1194; x_wconf 80' lang='lat' dir='ltr'>conformatam</span> <span class='ocrx_word' id='word_1_161' title='bbox 573 1157 652 1201; x_wconf 72' lang='lat'>(³⁷³³</span> <span class='ocrx_word' id='word_1_162' title='bbox 676 1169 733 1201; x_wconf 88' lang='lat' dir='ltr'>pro</span> <span class='ocrx_word' id='word_1_163' title='bbox 755 1166 838 1200; x_wconf 62' lang='grc' dir='ltr'>ψη,</span> <span class='ocrx_word' id='word_1_164' title='bbox 860 1159 999 1193; x_wconf 52' lang='lat' dir='ltr'>&amp;annau</span> <span class='ocrx_word' id='word_1_165' title='bbox 1023 1170 1081 1200; x_wconf 90' lang='lat' dir='ltr'>pro</span> <span class='ocrx_word' id='word_1_166' title='bbox 1105 1159 1302 1201; x_wconf 58' lang='lat' dir='ltr'>bennam-i),</span> <span class='ocrx_word' id='word_1_167' title='bbox 1326 1159 1359 1191; x_wconf 90' lang='lat' dir='ltr'>id</span> <span class='ocrx_word' id='word_1_168' title='bbox 1381 1162 1495 1203; x_wconf 76' lang='lat' dir='ltr'>partim</span> <span class='ocrx_word' id='word_1_169' title='bbox 1509 1163 1648 1194; x_wconf 90' lang='lat' dir='ltr'>tenuiori</span> <span class='ocrx_word' id='word_1_170' title='bbox 1665 1162 1813 1197; x_wconf 79' lang='lat' dir='ltr'>fortunae</span> <span class='ocrx_word' id='word_1_171' title='bbox 1828 1164 1943 1206; x_wconf 87' lang='lat' dir='ltr'>partim</span> 
     </span>
     <span class='ocr_line' id='line_1_17' title="bbox 319 1214 1649 1258; baseline -0.001 -7"><span class='ocrx_word' id='word_1_172' title='bbox 319 1217 491 1250; x_wconf 86' lang='lat' dir='ltr'>recentiori</span> <span class='ocrx_word' id='word_1_173' title='bbox 514 1215 610 1247; x_wconf 84' lang='lat' dir='ltr'>aetati</span> <span class='ocrx_word' id='word_1_174' title='bbox 632 1215 838 1254; x_wconf 88' lang='lat' dir='ltr'>voventium,</span> <span class='ocrx_word' id='word_1_175' title='bbox 861 1215 915 1258; x_wconf 83' lang='lat' dir='ltr'>qui</span> <span class='ocrx_word' id='word_1_176' title='bbox 936 1214 1037 1246; x_wconf 88' lang='lat' dir='ltr'>Iubae</span> <span class='ocrx_word' id='word_1_177' title='bbox 1060 1214 1142 1246; x_wconf 80' lang='lat' dir='ltr'>forte</span> <span class='ocrx_word' id='word_1_178' title='bbox 1165 1214 1316 1258; x_wconf 87' lang='lat' dir='ltr'>aequales</span> <span class='ocrx_word' id='word_1_179' title='bbox 1340 1224 1448 1256; x_wconf 88' lang='lat' dir='ltr'>erant,</span> <span class='ocrx_word' id='word_1_180' title='bbox 1472 1216 1649 1250; x_wconf 87' lang='lat' dir='ltr'>tribuerim.</span> 
     </span>
    </p>
   </div>
   <div class='ocr_carea' id='block_1_5' title="bbox 318 1262 1999 1443">
    <p class='ocr_par' dir='ltr' id='par_1_5' title="bbox 318 1262 1999 1443">
     <span class='ocr_line' id='line_1_18' title="bbox 446 1262 1999 1332; baseline 0.002 -14"><span class='ocrx_word' id='word_1_181' title='bbox 446 1289 477 1318; x_wconf 78' lang='grc'>3.</span> <span class='ocrx_word' id='word_1_182' title='bbox 509 1284 561 1317; x_wconf 90' lang='lat' dir='ltr'>De</span> <span class='ocrx_word' id='word_1_183' title='bbox 584 1285 780 1316; x_wconf 84' lang='lat' dir='ltr'>ornamentis</span> <span class='ocrx_word' id='word_1_184' title='bbox 793 1294 895 1326; x_wconf 87' lang='lat' dir='ltr'>pauca</span> <span class='ocrx_word' id='word_1_185' title='bbox 915 1284 1052 1317; x_wconf 83' lang='lat' dir='ltr'>dicenda</span> <span class='ocrx_word' id='word_1_186' title='bbox 1072 1292 1253 1328; x_wconf 84' lang='lat' dir='ltr'>supersunt.</span> <span class='ocrx_word' id='word_1_187' title='bbox 1297 1284 1335 1317; x_wconf 90' lang='lat' dir='ltr'>In</span> <span class='ocrx_word' id='word_1_188' title='bbox 1357 1287 1522 1319; x_wconf 88' lang='lat' dir='ltr'>cacumine</span> <span class='ocrx_word' id='word_1_189' title='bbox 1544 1286 1679 1330; x_wconf 88' lang='lat' dir='ltr'>lapidis,</span> <span class='ocrx_word' id='word_1_190' title='bbox 1701 1289 1786 1332; x_wconf 86' lang='lat' dir='ltr'>quod</span> <span class='ocrx_word' id='word_1_191' title='bbox 1807 1262 1945 1330; x_wconf 65' lang='lat' dir='ltr'>fraenant</span> <span class='ocrx_word' id='word_1_192' title='bbox 1995 1288 1999 1294; x_wconf 90' lang='lat'><strong><em>‘</em></strong></span> 
     </span>
     <span class='ocr_line' id='line_1_19' title="bbox 319 1339 1945 1386; baseline 0.002 -11"><span class='ocrx_word' id='word_1_193' title='bbox 319 1350 388 1383; x_wconf 87' lang='lat' dir='ltr'>est,</span> <span class='ocrx_word' id='word_1_194' title='bbox 423 1342 524 1374; x_wconf 82' lang='lat' dir='ltr'>fuisse</span> <span class='ocrx_word' id='word_1_195' title='bbox 543 1340 681 1383; x_wconf 82' lang='lat' dir='ltr'>figuram</span> <span class='ocrx_word' id='word_1_196' title='bbox 713 1339 873 1380; x_wconf 86' lang='lat' dir='ltr'>hominis,</span> <span class='ocrx_word' id='word_1_197' title='bbox 912 1341 1011 1384; x_wconf 90' lang='lat' dir='ltr'>pedes</span> <span class='ocrx_word' id='word_1_198' title='bbox 1040 1341 1213 1374; x_wconf 87' lang='lat' dir='ltr'>ostendunt</span> <span class='ocrx_word' id='word_1_199' title='bbox 1245 1348 1279 1373; x_wconf 86' lang='lat' dir='ltr'>et</span> <span class='ocrx_word' id='word_1_200' title='bbox 1306 1341 1443 1374; x_wconf 79' lang='lat' dir='ltr'>inferior</span> <span class='ocrx_word' id='word_1_201' title='bbox 1470 1354 1543 1386; x_wconf 91' lang='lat' dir='ltr'>pars</span> <span class='ocrx_word' id='word_1_202' title='bbox 1572 1345 1767 1378; x_wconf 68' lang='lat' dir='ltr'>vestimenti,</span> <span class='ocrx_word' id='word_1_203' title='bbox 1806 1344 1852 1377; x_wconf 84' lang='lat' dir='ltr'>At</span> <span class='ocrx_word' id='word_1_204' title='bbox 1879 1355 1945 1386; x_wconf 70' lang='lat' dir='ltr'>uon</span> 
     </span>
     <span class='ocr_line' id='line_1_20' title="bbox 318 1396 1944 1443; baseline 0.001 -11"><span class='ocrx_word' id='word_1_205' title='bbox 318 1400 470 1432; x_wconf 88' lang='lat' dir='ltr'>feminam</span> <span class='ocrx_word' id='word_1_206' title='bbox 500 1403 757 1440; x_wconf 82' lang='lat' dir='ltr'>repraesentasse</span> <span class='ocrx_word' id='word_1_207' title='bbox 781 1396 863 1429; x_wconf 87' lang='lat' dir='ltr'>hanc</span> <span class='ocrx_word' id='word_1_208' title='bbox 885 1396 1039 1440; x_wconf 86' lang='lat' dir='ltr'>figuram,</span> <span class='ocrx_word' id='word_1_209' title='bbox 1077 1405 1111 1429; x_wconf 89' lang='lat' dir='ltr'>ut</span> <span class='ocrx_word' id='word_1_210' title='bbox 1145 1397 1272 1430; x_wconf 91' lang='lat' dir='ltr'>volebat</span> <span class='ocrx_word' id='word_1_211' title='bbox 1293 1397 1388 1430; x_wconf 88' lang='lat' dir='ltr'>Ham.</span> <span class='ocrx_word' id='word_1_212' title='bbox 1412 1410 1441 1442; x_wconf 89' lang='lat' dir='ltr'>p.</span> <span class='ocrx_word' id='word_1_213' title='bbox 1469 1403 1527 1439; x_wconf 82' lang='lat'>11,</span> <span class='ocrx_word' id='word_1_214' title='bbox 1567 1401 1625 1434; x_wconf 89' lang='lat' dir='ltr'>sed</span> <span class='ocrx_word' id='word_1_215' title='bbox 1647 1402 1749 1434; x_wconf 84' lang='lat' dir='ltr'>virum</span> <span class='ocrx_word' id='word_1_216' title='bbox 1775 1407 1944 1443; x_wconf 59' lang='lat' dir='ltr'>voventem</span> 
     </span>
    </p>
   </div>
   <div class='ocr_carea' id='block_1_6' title="bbox 269 1453 1586 1497">
    <p class='ocr_par' dir='ltr' id='par_1_6' title="bbox 269 1453 1586 1497">
     <span class='ocr_line' id='line_1_21' title="bbox 269 1453 1586 1497; baseline 0.001 -9"><span class='ocrx_word' id='word_1_217' title='bbox 269 1454 276 1461; x_wconf 82' lang='lat'>’</span> <span class='ocrx_word' id='word_1_218' title='bbox 319 1453 601 1497; x_wconf 85' lang='lat' dir='ltr'>(Hiempsalem),</span> <span class='ocrx_word' id='word_1_219' title='bbox 633 1455 725 1485; x_wconf 89' lang='lat' dir='ltr'>testis</span> <span class='ocrx_word' id='word_1_220' title='bbox 747 1461 796 1485; x_wconf 88' lang='lat' dir='ltr'>est</span> <span class='ocrx_word' id='word_1_221' title='bbox 816 1454 983 1496; x_wconf 80' lang='lat' dir='ltr'>inscriptio</span> <span class='ocrx_word' id='word_1_222' title='bbox 1007 1460 1092 1486; x_wconf 84' lang='lat' dir='ltr'>recte</span> <span class='ocrx_word' id='word_1_223' title='bbox 1113 1453 1282 1497; x_wconf 85' lang='lat' dir='ltr'>explicata.</span> <span class='ocrx_word' id='word_1_224' title='bbox 1327 1454 1375 1488; x_wconf 81' lang='lat' dir='ltr'>Cf.</span> <span class='ocrx_word' id='word_1_225' title='bbox 1396 1456 1437 1488; x_wconf 84' lang='lat' dir='ltr'>ad</span> <span class='ocrx_word' id='word_1_226' title='bbox 1459 1466 1511 1488; x_wconf 86' lang='lat' dir='ltr'>no.</span> <span class='ocrx_word' id='word_1_227' title='bbox 1533 1459 1586 1491; x_wconf 81' lang='lat'>60.</span> 
     </span>
    </p>
   </div>
   <div class='ocr_carea' id='block_1_7' title="bbox 318 1523 1943 1850">
    <p class='ocr_par' dir='ltr' id='par_1_7' title="bbox 318 1523 1943 1850">
     <span class='ocr_line' id='line_1_22' title="bbox 448 1523 1942 1567; baseline 0.003 -11"><span class='ocrx_word' id='word_1_228' title='bbox 448 1523 575 1556; x_wconf 86' lang='lat' dir='ltr'>Vaccae</span> <span class='ocrx_word' id='word_1_229' title='bbox 598 1525 724 1566; x_wconf 83' lang='lat' dir='ltr'>imago,</span> <span class='ocrx_word' id='word_1_230' title='bbox 763 1525 880 1566; x_wconf 85' lang='lat' dir='ltr'>pariter</span> <span class='ocrx_word' id='word_1_231' title='bbox 911 1530 1006 1566; x_wconf 90' lang='lat' dir='ltr'>atque</span> <span class='ocrx_word' id='word_1_232' title='bbox 1038 1525 1112 1566; x_wconf 90' lang='lat' dir='ltr'>equi</span> <span class='ocrx_word' id='word_1_233' title='bbox 1139 1525 1256 1566; x_wconf 82' lang='lat' dir='ltr'>agnive</span> <span class='ocrx_word' id='word_1_234' title='bbox 1287 1525 1446 1567; x_wconf 80' lang='lat' dir='ltr'>imagines</span> <span class='ocrx_word' id='word_1_235' title='bbox 1477 1527 1511 1558; x_wconf 87' lang='lat' dir='ltr'>ia</span> <span class='ocrx_word' id='word_1_236' title='bbox 1532 1525 1694 1560; x_wconf 84' lang='lat' dir='ltr'>similibus</span> <span class='ocrx_word' id='word_1_237' title='bbox 1714 1529 1942 1567; x_wconf 86' lang='lat' dir='ltr'>monumentis,</span> 
     </span>
     <span class='ocr_line' id='line_1_23' title="bbox 319 1573 1942 1626; baseline 0.001 -11"><span class='ocrx_word' id='word_1_238' title='bbox 319 1582 476 1620; x_wconf 78' lang='lat' dir='ltr'>ostendit,</span> <span class='ocrx_word' id='word_1_239' title='bbox 515 1579 601 1611; x_wconf 85' lang='lat' dir='ltr'>hunc</span> <span class='ocrx_word' id='word_1_240' title='bbox 629 1573 768 1621; x_wconf 79' lang='lat' dir='ltr'>lapidem</span> <span class='ocrx_word' id='word_1_241' title='bbox 798 1581 939 1611; x_wconf 88' lang='lat' dir='ltr'>votivum</span> <span class='ocrx_word' id='word_1_242' title='bbox 969 1580 1009 1611; x_wconf 87' lang='lat' dir='ltr'>ad</span> <span class='ocrx_word' id='word_1_243' title='bbox 1038 1588 1255 1612; x_wconf 81' lang='lat' dir='ltr'>armentorum</span> <span class='ocrx_word' id='word_1_244' title='bbox 1282 1581 1480 1614; x_wconf 78' lang='lat' dir='ltr'>fertilitatem</span> <span class='ocrx_word' id='word_1_245' title='bbox 1519 1584 1710 1625; x_wconf 82' lang='lat' dir='ltr'>pertinuisse</span> <span class='ocrx_word' id='word_1_246' title='bbox 1747 1585 1807 1626; x_wconf 78' lang='lat' dir='ltr'>(cf.</span> <span class='ocrx_word' id='word_1_247' title='bbox 1835 1582 1942 1617; x_wconf 84' lang='lat' dir='ltr'>simile</span> 
     </span>
     <span class='ocr_line' id='line_1_24' title="bbox 318 1634 1942 1682; baseline 0.001 -11"><span class='ocrx_word' id='word_1_248' title='bbox 318 1643 561 1671; x_wconf 86' lang='lat' dir='ltr'>monumentum</span> <span class='ocrx_word' id='word_1_249' title='bbox 589 1635 774 1668; x_wconf 87' lang='lat' dir='ltr'>illiteratum</span> <span class='ocrx_word' id='word_1_250' title='bbox 803 1635 888 1668; x_wconf 77' lang='lat' dir='ltr'>iufra</span> <span class='ocrx_word' id='word_1_251' title='bbox 914 1634 1130 1677; x_wconf 83' lang='lat' dir='ltr'>laudandum,</span> <span class='ocrx_word' id='word_1_252' title='bbox 1172 1637 1212 1671; x_wconf 88' lang='lat' dir='ltr'>ad</span> <span class='ocrx_word' id='word_1_253' title='bbox 1235 1647 1287 1669; x_wconf 87' lang='lat' dir='ltr'>no.</span> <span class='ocrx_word' id='word_1_254' title='bbox 1309 1637 1396 1676; x_wconf 85' lang='lat' dir='ltr'>Lx,</span> <span class='ocrx_word' id='word_1_255' title='bbox 1419 1640 1439 1670; x_wconf 81' lang='lat'>3</span> <span class='ocrx_word' id='word_1_256' title='bbox 1463 1648 1517 1671; x_wconf 84' lang='lat' dir='ltr'>no.</span> <span class='ocrx_word' id='word_1_257' title='bbox 1541 1638 1614 1682; x_wconf 87' lang='grc'><strong>10).</strong></span> <span class='ocrx_word' id='word_1_258' title='bbox 1667 1638 1756 1679; x_wconf 89' lang='lat' dir='ltr'>Quid</span> <span class='ocrx_word' id='word_1_259' title='bbox 1774 1639 1839 1673; x_wconf 88' lang='lat' dir='ltr'>sibi</span> <span class='ocrx_word' id='word_1_260' title='bbox 1864 1638 1942 1681; x_wconf 79' lang='lat' dir='ltr'>velit</span> 
     </span>
     <span class='ocr_line' id='line_1_25' title="bbox 319 1691 1943 1738; baseline 0.002 -13"><span class='ocrx_word' id='word_1_261' title='bbox 319 1697 490 1738; x_wconf 86' lang='lat' dir='ltr'>triquetra,</span> <span class='ocrx_word' id='word_1_262' title='bbox 529 1692 611 1724; x_wconf 88' lang='lat' dir='ltr'>alias</span> <span class='ocrx_word' id='word_1_263' title='bbox 641 1693 674 1724; x_wconf 91' lang='lat' dir='ltr'>in</span> <span class='ocrx_word' id='word_1_264' title='bbox 701 1691 832 1724; x_wconf 84' lang='lat' dir='ltr'>Siciliae</span> <span class='ocrx_word' id='word_1_265' title='bbox 862 1693 1078 1724; x_wconf 86' lang='lat' dir='ltr'>monumentis</span> <span class='ocrx_word' id='word_1_266' title='bbox 1108 1692 1368 1737; x_wconf 66' lang='lat' dir='ltr'>frequentissima</span> <span class='ocrx_word' id='word_1_267' title='bbox 1396 1696 1454 1734; x_wconf 71' lang='lat' dir='ltr'>(v,</span> <span class='ocrx_word' id='word_1_268' title='bbox 1476 1693 1610 1735; x_wconf 13' lang='lat' dir='ltr'>*Eckhel</span> <span class='ocrx_word' id='word_1_269' title='bbox 1637 1695 1737 1728; x_wconf 85' lang='lat' dir='ltr'>doctr.</span> <span class='ocrx_word' id='word_1_270' title='bbox 1767 1707 1890 1729; x_wconf 79' lang='lat' dir='ltr'>numer.</span> <span class='ocrx_word' id='word_1_271' title='bbox 1915 1695 1943 1736; x_wconf 84' lang='grc' dir='ltr'>Ι,</span> 
     </span>
     <span class='ocr_line' id='line_1_26' title="bbox 318 1747 1942 1795; baseline 0.001 -12"><span class='ocrx_word' id='word_1_272' title='bbox 318 1763 349 1794; x_wconf 86' lang='lat' dir='ltr'>p.</span> <span class='ocrx_word' id='word_1_273' title='bbox 373 1754 446 1783; x_wconf 80' lang='lat'><strong>184.</strong></span> <span class='ocrx_word' id='word_1_274' title='bbox 491 1748 617 1781; x_wconf 84' lang='lat' dir='ltr'>Rasche</span> <span class='ocrx_word' id='word_1_275' title='bbox 646 1758 676 1780; x_wconf 90' lang='lat' dir='ltr'>v.</span> <span class='ocrx_word' id='word_1_276' title='bbox 699 1748 908 1792; x_wconf 49' lang='lat' dir='ltr'>triquetra),</span> <span class='ocrx_word' id='word_1_277' title='bbox 943 1747 1179 1791; x_wconf 70' lang='lat' dir='ltr'>Archaeologis</span> <span class='ocrx_word' id='word_1_278' title='bbox 1201 1750 1445 1792; x_wconf 79' lang='lat' dir='ltr'>disquirendum</span> <span class='ocrx_word' id='word_1_279' title='bbox 1464 1750 1692 1795; x_wconf 80' lang='lat' dir='ltr'>relinquimus,</span> <span class='ocrx_word' id='word_1_280' title='bbox 1720 1754 1773 1795; x_wconf 88' lang='lat' dir='ltr'>qui</span> <span class='ocrx_word' id='word_1_281' title='bbox 1802 1753 1942 1793; x_wconf 80' lang='lat' dir='ltr'>videant,</span> 
     </span>
     <span class='ocr_line' id='line_1_27' title="bbox 319 1803 1918 1850; baseline 0.002 -11"><span class='ocrx_word' id='word_1_282' title='bbox 319 1808 461 1850; x_wconf 87' lang='lat' dir='ltr'>possitne</span> <span class='ocrx_word' id='word_1_283' title='bbox 484 1806 546 1838; x_wconf 84' lang='lat' dir='ltr'>hoc</span> <span class='ocrx_word' id='word_1_284' title='bbox 567 1803 750 1847; x_wconf 80' lang='lat' dir='ltr'>symbolum</span> <span class='ocrx_word' id='word_1_285' title='bbox 772 1811 902 1848; x_wconf 71' lang='lat' dir='ltr'>propter</span> <span class='ocrx_word' id='word_1_286' title='bbox 923 1804 1123 1838; x_wconf 84' lang='lat' dir='ltr'>fertilitatem</span> <span class='ocrx_word' id='word_1_287' title='bbox 1144 1815 1165 1837; x_wconf 89' lang='lat' dir='ltr'>a</span> <span class='ocrx_word' id='word_1_288' title='bbox 1185 1803 1298 1837; x_wconf 84' lang='lat' dir='ltr'>Sicilia</span> <span class='ocrx_word' id='word_1_289' title='bbox 1319 1806 1359 1838; x_wconf 87' lang='lat' dir='ltr'>ad</span> <span class='ocrx_word' id='word_1_290' title='bbox 1383 1804 1571 1846; x_wconf 71' lang='lat' dir='ltr'>Numidiam</span> <span class='ocrx_word' id='word_1_291' title='bbox 1591 1807 1781 1848; x_wconf 73' lang='lat' dir='ltr'>translatum</span> <span class='ocrx_word' id='word_1_292' title='bbox 1802 1810 1918 1842; x_wconf 78' lang='lat' dir='ltr'>videri.</span> 
     </span>
    </p>
   </div>
   <div class='ocr_carea' id='block_1_8' title="bbox 747 1893 1515 2004">
    <p class='ocr_par' dir='ltr' id='par_1_8' title="bbox 747 1893 1515 2004">
     <span class='ocr_line' id='line_1_28' title="bbox 1065 1893 1164 1931; baseline 0 -1"><span class='ocrx_word' id='word_1_293' title='bbox 1065 1893 1164 1931; x_wconf 66' lang='lat' dir='ltr'><strong>&#39;LX.</strong></span> 
     </span>
     <span class='ocr_line' id='line_1_29' title="bbox 747 1965 1515 2004; baseline 0.003 -7"><span class='ocrx_word' id='word_1_294' title='bbox 747 1965 1152 1998; x_wconf 78' lang='lat' dir='ltr'><em>NUMIDICA</em></span> <span class='ocrx_word' id='word_1_295' title='bbox 1199 1965 1515 2004; x_wconf 77' lang='lat' dir='ltr'><strong><em>QUARTA.</em></strong></span> 
     </span>
    </p>
   </div>
   <div class='ocr_carea' id='block_1_9' title="bbox 318 2042 1941 2661">
    <p class='ocr_par' dir='ltr' id='par_1_9' title="bbox 318 2042 1941 2661">
     <span class='ocr_line' id='line_1_30' title="bbox 446 2042 1939 2094; baseline 0.003 -11"><span class='ocrx_word' id='word_1_296' title='bbox 446 2056 476 2084; x_wconf 83' lang='lat'>1.</span> <span class='ocrx_word' id='word_1_297' title='bbox 520 2051 692 2093; x_wconf 85' lang='lat' dir='ltr'>Inscriptio</span> <span class='ocrx_word' id='word_1_298' title='bbox 721 2049 825 2082; x_wconf 88' lang='lat' dir='ltr'>tribus</span> <span class='ocrx_word' id='word_1_299' title='bbox 855 2050 1118 2093; x_wconf 85' lang='lat' dir='ltr'>praecedentibus</span> <span class='ocrx_word' id='word_1_300' title='bbox 1153 2050 1270 2083; x_wconf 89' lang='lat' dir='ltr'>similis</span> <span class='ocrx_word' id='word_1_301' title='bbox 1307 2058 1340 2083; x_wconf 86' lang='lat' dir='ltr'>et</span> <span class='ocrx_word' id='word_1_302' title='bbox 1375 2051 1486 2094; x_wconf 87' lang='lat' dir='ltr'>procul</span> <span class='ocrx_word' id='word_1_303' title='bbox 1525 2042 1631 2089; x_wconf 83' lang='lat' dir='ltr'>dubio.</span> <span class='ocrx_word' id='word_1_304' title='bbox 1657 2054 1692 2087; x_wconf 84' lang='lat' dir='ltr'>iu</span> <span class='ocrx_word' id='word_1_305' title='bbox 1725 2055 1838 2089; x_wconf 87' lang='lat' dir='ltr'>eodem</span> <span class='ocrx_word' id='word_1_306' title='bbox 1865 2055 1939 2089; x_wconf 80' lang='lat' dir='ltr'>loeo</span> 
     </span>
     <span class='ocr_line' id='line_1_31' title="bbox 318 2105 1941 2153; baseline 0.002 -13"><span class='ocrx_word' id='word_1_307' title='bbox 318 2110 455 2148; x_wconf 73' lang='lat' dir='ltr'>effossa,</span> <span class='ocrx_word' id='word_1_308' title='bbox 491 2107 547 2139; x_wconf 90' lang='lat' dir='ltr'>ubi</span> <span class='ocrx_word' id='word_1_309' title='bbox 576 2118 692 2149; x_wconf 82' lang='lat' dir='ltr'>magna</span> <span class='ocrx_word' id='word_1_310' title='bbox 721 2105 876 2139; x_wconf 88' lang='lat' dir='ltr'>similium</span> <span class='ocrx_word' id='word_1_311' title='bbox 904 2114 1183 2139; x_wconf 82' lang='lat' dir='ltr'>monumentorum</span> <span class='ocrx_word' id='word_1_312' title='bbox 1213 2107 1262 2139; x_wconf 92' lang='lat' dir='ltr'>vis</span> <span class='ocrx_word' id='word_1_313' title='bbox 1291 2108 1325 2139; x_wconf 90' lang='lat' dir='ltr'>iu</span> <span class='ocrx_word' id='word_1_314' title='bbox 1357 2116 1444 2141; x_wconf 82' lang='lat' dir='ltr'>terra</span> <span class='ocrx_word' id='word_1_315' title='bbox 1466 2107 1603 2143; x_wconf 77' lang='lat' dir='ltr'>latuisse</span> <span class='ocrx_word' id='word_1_316' title='bbox 1625 2110 1753 2151; x_wconf 62' lang='lat' dir='ltr'>videtne</span> <span class='ocrx_word' id='word_1_317' title='bbox 1781 2110 1834 2153; x_wconf 74' lang='lat' dir='ltr'>(zv.</span> <span class='ocrx_word' id='word_1_318' title='bbox 1852 2112 1941 2145; x_wconf 51' lang='lat' dir='ltr'>¹iufra</span> 
     </span>
     <span class='ocr_line' id='line_1_32' title="bbox 319 2154 1939 2209; baseline 0.001 -10"><span class='ocrx_word' id='word_1_319' title='bbox 319 2177 370 2199; x_wconf 88' lang='lat' dir='ltr'>no.</span> <span class='ocrx_word' id='word_1_320' title='bbox 393 2168 454 2206; x_wconf 84' lang='grc'>3),</span> <span class='ocrx_word' id='word_1_321' title='bbox 484 2163 560 2195; x_wconf 92' lang='lat' dir='ltr'>olim</span> <span class='ocrx_word' id='word_1_322' title='bbox 582 2166 614 2195; x_wconf 90' lang='lat' dir='ltr'>in</span> <span class='ocrx_word' id='word_1_323' title='bbox 636 2162 825 2195; x_wconf 88' lang='lat' dir='ltr'>collectione</span> <span class='ocrx_word' id='word_1_324' title='bbox 849 2162 1011 2202; x_wconf 75' lang='lat' dir='ltr'>Tumm,</span> <span class='ocrx_word' id='word_1_325' title='bbox 1039 2154 1217 2206; x_wconf 80' lang='lat' dir='ltr'>Auglorum</span> <span class='ocrx_word' id='word_1_326' title='bbox 1239 2164 1323 2206; x_wconf 87' lang='lat' dir='ltr'>apud</span> <span class='ocrx_word' id='word_1_327' title='bbox 1345 2163 1728 2209; x_wconf 13' lang='lat' dir='ltr'>TunetaaosRCoasnlis,</span> <span class='ocrx_word' id='word_1_328' title='bbox 1747 2176 1836 2200; x_wconf 39' lang='lat' dir='ltr'>‘anan</span> <span class='ocrx_word' id='word_1_329' title='bbox 1857 2171 1939 2201; x_wconf 77' lang='lat'><strong>1828</strong></span> 
     </span>
     <span class='ocr_line' id='line_1_33' title="bbox 319 2219 1940 2266; baseline 0.002 -11"><span class='ocrx_word' id='word_1_330' title='bbox 319 2234 340 2255; x_wconf 89' lang='lat' dir='ltr'>a</span> <span class='ocrx_word' id='word_1_331' title='bbox 373 2221 529 2254; x_wconf 81' lang='lat' dir='ltr'>Bataviae</span> <span class='ocrx_word' id='word_1_332' title='bbox 565 2219 654 2262; x_wconf 82' lang='lat' dir='ltr'>Rege</span> <span class='ocrx_word' id='word_1_333' title='bbox 689 2226 774 2251; x_wconf 88' lang='lat' dir='ltr'>emta</span> <span class='ocrx_word' id='word_1_334' title='bbox 809 2226 841 2251; x_wconf 90' lang='lat' dir='ltr'>et</span> <span class='ocrx_word' id='word_1_335' title='bbox 875 2221 910 2252; x_wconf 90' lang='lat' dir='ltr'>in</span> <span class='ocrx_word' id='word_1_336' title='bbox 945 2219 1097 2252; x_wconf 84' lang='lat' dir='ltr'>Muscam</span> <span class='ocrx_word' id='word_1_337' title='bbox 1123 2220 1344 2263; x_wconf 83' lang='lat' dir='ltr'>Lugdunense</span> <span class='ocrx_word' id='word_1_338' title='bbox 1372 2220 1479 2254; x_wconf 78' lang='lat' dir='ltr'>delata</span> <span class='ocrx_word' id='word_1_339' title='bbox 1507 2229 1577 2254; x_wconf 18' lang='lat' dir='ltr'>ese(</span> <span class='ocrx_word' id='word_1_340' title='bbox 1596 2246 1597 2250; x_wconf 65' lang='lat'>,</span> <span class='ocrx_word' id='word_1_341' title='bbox 1615 2222 1844 2266; x_wconf 73' lang='lat' dir='ltr'>Apage-plnum</span> <span class='ocrx_word' id='word_1_342' title='bbox 1865 2226 1940 2258; x_wconf 76' lang='lat' dir='ltr'>eius</span> 
     </span>
     <span class='ocr_line' id='line_1_34' title="bbox 318 2274 1938 2322; baseline 0.001 -11"><span class='ocrx_word' id='word_1_343' title='bbox 318 2277 589 2311; x_wconf 85' lang='lat' dir='ltr'>Humbertianum</span> <span class='ocrx_word' id='word_1_344' title='bbox 610 2274 715 2316; x_wconf 87' lang='lat' dir='ltr'>lapide</span> <span class='ocrx_word' id='word_1_345' title='bbox 738 2276 880 2307; x_wconf 88' lang='lat' dir='ltr'>nondum</span> <span class='ocrx_word' id='word_1_346' title='bbox 901 2277 971 2308; x_wconf 79' lang='lat' dir='ltr'>viso</span> <span class='ocrx_word' id='word_1_347' title='bbox 993 2277 1094 2309; x_wconf 86' lang='lat' dir='ltr'>edidit</span> <span class='ocrx_word' id='word_1_348' title='bbox 1114 2276 1343 2316; x_wconf 66' lang='lat' dir='ltr'>mmmmm,</span> <span class='ocrx_word' id='word_1_349' title='bbox 1364 2276 1504 2311; x_wconf 75' lang='lat' dir='ltr'>Miscell.</span> <span class='ocrx_word' id='word_1_350' title='bbox 1528 2276 1593 2311; x_wconf 80' lang='lat' dir='ltr'>tab.</span> <span class='ocrx_word' id='word_1_351' title='bbox 1610 2281 1630 2311; x_wconf 82' lang='lat'>2</span> <span class='ocrx_word' id='word_1_352' title='bbox 1648 2289 1699 2320; x_wconf 74' lang='lat' dir='ltr'>ne.</span> <span class='ocrx_word' id='word_1_353' title='bbox 1716 2283 1747 2318; x_wconf 89' lang='lat'>2,</span> <span class='ocrx_word' id='word_1_354' title='bbox 1764 2279 1812 2312; x_wconf 54' lang='grc' dir='ltr'>τί.</span> <span class='ocrx_word' id='word_1_355' title='bbox 1835 2291 1866 2322; x_wconf 84' lang='lat' dir='ltr'>p.</span> <span class='ocrx_word' id='word_1_356' title='bbox 1885 2284 1938 2320; x_wconf 83' lang='lat'>21,</span> 
     </span>
     <span class='ocr_line' id='line_1_35' title="bbox 319 2331 1940 2386; baseline 0.001 -19"><span class='ocrx_word' id='word_1_357' title='bbox 319 2342 352 2368; x_wconf 90' lang='lat' dir='ltr'>et</span> <span class='ocrx_word' id='word_1_358' title='bbox 373 2335 470 2366; x_wconf 85' lang='lat' dir='ltr'>etiam</span> <span class='ocrx_word' id='word_1_359' title='bbox 491 2340 606 2375; x_wconf 82' lang='lat' dir='ltr'>postea</span> <span class='ocrx_word' id='word_1_360' title='bbox 627 2334 697 2374; x_wconf 87' lang='lat' dir='ltr'>ipso</span> <span class='ocrx_word' id='word_1_361' title='bbox 720 2331 825 2374; x_wconf 87' lang='lat' dir='ltr'>lapide</span> <span class='ocrx_word' id='word_1_362' title='bbox 848 2334 992 2374; x_wconf 89' lang='lat' dir='ltr'>inspecto</span> <span class='ocrx_word' id='word_1_363' title='bbox 1014 2331 1163 2365; x_wconf 88' lang='lat' dir='ltr'>laudibus</span> <span class='ocrx_word' id='word_1_364' title='bbox 1185 2332 1495 2377; x_wconf 80' lang='lat' dir='ltr'>cumulat-tanquam</span> <span class='ocrx_word' id='word_1_365' title='bbox 1517 2335 1758 2386; x_wconf 71' lang='lat' dir='ltr'>integerrimum</span> <span class='ocrx_word' id='word_1_366' title='bbox 1781 2334 1940 2375; x_wconf 83' lang='lat' dir='ltr'>(Miscell.</span> 
     </span>
     <span class='ocr_line' id='line_1_36' title="bbox 318 2386 1938 2435; baseline 0.003 -15"><span class='ocrx_word' id='word_1_367' title='bbox 318 2404 350 2435; x_wconf 76' lang='lat' dir='ltr'>p.</span> <span class='ocrx_word' id='word_1_368' title='bbox 380 2390 478 2432; x_wconf 61' lang='lat' dir='ltr'>som:</span> <span class='ocrx_word' id='word_1_369' title='bbox 513 2400 595 2432; x_wconf 86' lang='lat' dir='ltr'>quae</span> <span class='ocrx_word' id='word_1_370' title='bbox 616 2388 744 2431; x_wconf 89' lang='lat' dir='ltr'>quidem</span> <span class='ocrx_word' id='word_1_371' title='bbox 765 2386 877 2420; x_wconf 88' lang='lat' dir='ltr'>laudes</span> <span class='ocrx_word' id='word_1_372' title='bbox 900 2399 983 2420; x_wconf 91' lang='lat' dir='ltr'>novo</span> <span class='ocrx_word' id='word_1_373' title='bbox 1007 2391 1191 2422; x_wconf 88' lang='lat' dir='ltr'>testimonio</span> <span class='ocrx_word' id='word_1_374' title='bbox 1211 2397 1302 2431; x_wconf 89' lang='lat' dir='ltr'>sunt,</span> <span class='ocrx_word' id='word_1_375' title='bbox 1338 2401 1395 2423; x_wconf 88' lang='lat' dir='ltr'>eos</span> <span class='ocrx_word' id='word_1_376' title='bbox 1417 2391 1472 2433; x_wconf 87' lang='lat' dir='ltr'>qui</span> <span class='ocrx_word' id='word_1_377' title='bbox 1493 2389 1669 2425; x_wconf 76' lang='lat' dir='ltr'>litterarum</span> <span class='ocrx_word' id='word_1_378' title='bbox 1692 2397 1882 2433; x_wconf 83' lang='lat' dir='ltr'>potestatem</span> <span class='ocrx_word' id='word_1_379' title='bbox 1905 2400 1938 2426; x_wconf 88' lang='lat' dir='ltr'>et</span> 
     </span>
     <span class='ocr_line' id='line_1_37' title="bbox 320 2443 1941 2491; baseline 0.001 -11"><span class='ocrx_word' id='word_1_380' title='bbox 320 2454 467 2480; x_wconf 73' lang='lat' dir='ltr'>natunm</span> <span class='ocrx_word' id='word_1_381' title='bbox 480 2453 676 2489; x_wconf 82' lang='lat' dir='ltr'>perspectam</span> <span class='ocrx_word' id='word_1_382' title='bbox 693 2455 757 2476; x_wconf 90' lang='lat' dir='ltr'>non</span> <span class='ocrx_word' id='word_1_383' title='bbox 771 2443 910 2475; x_wconf 88' lang='lat' dir='ltr'>babeant</span> <span class='ocrx_word' id='word_1_384' title='bbox 926 2455 1056 2485; x_wconf 84' lang='lat' dir='ltr'>perraro</span> <span class='ocrx_word' id='word_1_385' title='bbox 1068 2446 1182 2491; x_wconf 76' lang='lat' dir='ltr'>ductus</span> <span class='ocrx_word' id='word_1_386' title='bbox 1197 2453 1318 2486; x_wconf 84' lang='lat' dir='ltr'>earum,</span> <span class='ocrx_word' id='word_1_387' title='bbox 1332 2445 1661 2490; x_wconf 66' lang='lat' dir='ltr'>maximepanllnluu</span> <span class='ocrx_word' id='word_1_388' title='bbox 1673 2448 1837 2487; x_wconf 71' lang='lat' dir='ltr'>evanidos,</span> <span class='ocrx_word' id='word_1_389' title='bbox 1853 2457 1941 2481; x_wconf 79' lang='lat' dir='ltr'>recte</span> 
     </span>
     <span class='ocr_line' id='line_1_38' title="bbox 320 2499 1940 2547; baseline 0.002 -12"><span class='ocrx_word' id='word_1_390' title='bbox 320 2505 531 2547; x_wconf 75' lang='lat' dir='ltr'>dignoscere,</span> <span class='ocrx_word' id='word_1_391' title='bbox 559 2502 681 2534; x_wconf 74' lang='lat' dir='ltr'>nedum</span> <span class='ocrx_word' id='word_1_392' title='bbox 693 2499 885 2533; x_wconf 79' lang='lat' dir='ltr'>delineanda</span> <span class='ocrx_word' id='word_1_393' title='bbox 907 2501 1037 2533; x_wconf 85' lang='lat' dir='ltr'>imitari.</span> <span class='ocrx_word' id='word_1_394' title='bbox 1080 2501 1227 2541; x_wconf 86' lang='lat' dir='ltr'>Etenim,</span> <span class='ocrx_word' id='word_1_395' title='bbox 1257 2501 1691 2546; x_wconf 49' lang='lat' dir='ltr'>quanquamlinea-seeanda</span> <span class='ocrx_word' id='word_1_396' title='bbox 1707 2511 1739 2536; x_wconf 84' lang='lat' dir='ltr'>et</span> <span class='ocrx_word' id='word_1_397' title='bbox 1753 2505 1846 2537; x_wconf 89' lang='lat' dir='ltr'>tertia</span> <span class='ocrx_word' id='word_1_398' title='bbox 1860 2506 1940 2540; x_wconf 70' lang='lat' dir='ltr'>satis</span> 
     </span>
     <span class='ocr_line' id='line_1_39' title="bbox 320 2556 1937 2603; baseline 0.001 -12"><span class='ocrx_word' id='word_1_399' title='bbox 320 2559 403 2592; x_wconf 88' lang='lat' dir='ltr'>bene</span> <span class='ocrx_word' id='word_1_400' title='bbox 424 2558 584 2592; x_wconf 70' lang='lat' dir='ltr'>delineata</span> <span class='ocrx_word' id='word_1_401' title='bbox 602 2565 668 2597; x_wconf 81' lang='lat' dir='ltr'>est,</span> <span class='ocrx_word' id='word_1_402' title='bbox 698 2558 817 2601; x_wconf 89' lang='lat' dir='ltr'>prima,</span> <span class='ocrx_word' id='word_1_403' title='bbox 846 2557 987 2590; x_wconf 80' lang='lat' dir='ltr'>maxime</span> <span class='ocrx_word' id='word_1_404' title='bbox 1008 2556 1050 2588; x_wconf 87' lang='lat' dir='ltr'>ab</span> <span class='ocrx_word' id='word_1_405' title='bbox 1073 2558 1184 2596; x_wconf 86' lang='lat' dir='ltr'>initio,</span> <span class='ocrx_word' id='word_1_406' title='bbox 1214 2559 1248 2590; x_wconf 89' lang='lat' dir='ltr'>in</span> <span class='ocrx_word' id='word_1_407' title='bbox 1270 2558 1560 2602; x_wconf 59' lang='lat' dir='ltr'>apographoredito</span> <span class='ocrx_word' id='word_1_408' title='bbox 1576 2558 1937 2603; x_wconf 57' lang='lat' dir='ltr'>planedepravataest,</span> 
     </span>
     <span class='ocr_line' id='line_1_40' title="bbox 321 2613 1938 2661; baseline 0.001 -13"><span class='ocrx_word' id='word_1_409' title='bbox 321 2617 423 2658; x_wconf 88' lang='lat' dir='ltr'>deque</span> <span class='ocrx_word' id='word_1_410' title='bbox 446 2615 582 2659; x_wconf 82' lang='lat' dir='ltr'>legenda</span> <span class='ocrx_word' id='word_1_411' title='bbox 607 2625 646 2647; x_wconf 90' lang='lat' dir='ltr'>ea</span> <span class='ocrx_word' id='word_1_412' title='bbox 667 2614 732 2647; x_wconf 85' lang='lat' dir='ltr'>iam</span> <span class='ocrx_word' id='word_1_413' title='bbox 753 2614 1015 2656; x_wconf 85' lang='lat' dir='ltr'>desperaveram,</span> <span class='ocrx_word' id='word_1_414' title='bbox 1049 2623 1146 2655; x_wconf 86' lang='lat' dir='ltr'>quum</span> <span class='ocrx_word' id='word_1_415' title='bbox 1169 2615 1241 2657; x_wconf 81' lang='lat' dir='ltr'>ipso</span> <span class='ocrx_word' id='word_1_416' title='bbox 1260 2613 1367 2657; x_wconf 86' lang='lat' dir='ltr'>lapide</span> <span class='ocrx_word' id='word_1_417' title='bbox 1389 2617 1532 2658; x_wconf 74' lang='lat' dir='ltr'>inspecto</span> <span class='ocrx_word' id='word_1_418' title='bbox 1552 2615 1593 2648; x_wconf 82' lang='lat' dir='ltr'>de</span> <span class='ocrx_word' id='word_1_419' title='bbox 1613 2615 1834 2661; x_wconf 77' lang='lat' dir='ltr'>plerarumque</span> <span class='ocrx_word' id='word_1_420' title='bbox 1855 2616 1938 2659; x_wconf 71' lang='lat' dir='ltr'>litte-</span> 
     </span>
    </p>
   </div>
  </div>
 </body>
</html>
