2242 2976
443 283 505 317 DE
528 284 734 318 LITTERIS
756 285 1024 319 PHOENICIIS.
1067 288 1095 325 ς.
1117 288 1167 319 37.
1196 286 1257 318 DE.
1277 274 1416 318 'NOTIS
1440 284 1684 324 SIGLISQUE.
1835 289 1884 325 53

372 379 476 412 causa
491 386 596 412 autem
612 378 791 412 litterarum
806 382 852 412 ita
865 379 1035 423 ligatarum
1052 382 1167 423 partim
1185 380 1217 411 in
1234 381 1371 423 quodam
1383 382 1608 412 statuariorum
1624 379 1696 412 lusu
1711 379 1880 423 studioque

250 435 478 480 calligraphico
509 438 611 479 magis
643 447 736 479 quam
762 436 1011 480 tachygraphico
1039 438 1153 479 partim
1176 438 1209 468 in
1238 438 1332 478 spatii
1356 438 1514 480 angustiis
1537 437 1719 479 quaerenda
1745 437 1880 468 videtur.

250 492 300 525 Ad
317 492 578 536 tachygraphiam
597 503 672 524 vero
690 495 849 536 pertinere
862 494 1010 526 videntur
1028 493 1124 526 huius
1139 494 1267 536 generis
1282 492 1440 536 ligaturae
1454 496 1487 526 in
1505 493 1686 526 Numidicis
1701 494 1828 533 obviae,
1850 500 1884 525 ut

271 541 332 664 l<
399 579 464 614 Ζ
620 541 667 668 Ι,
698 578 786 612 filius
807 578 939 611 Numid.
963 582 1000 617 1,
1024 580 1044 610 3
1067 585 1100 611 et
1122 590 1192 621 app.
1217 582 1256 618 4,
1279 581 1299 609 2
1322 577 1378 621 (cf.
1396 582 1435 616 4,
1460 578 1504 622 1).

378 673 531 707 Ceterum
560 672 731 707 nonnullas
758 673 900 716 figuras,
940 682 1017 714 quas
1046 682 1088 703 ex
1116 670 1262 714 pluribus
1284 670 1401 714 ligatas
1431 681 1503 702 esse
1531 677 1696 711 statuunt,
1733 672 1883 714 equidem

249 730 411 774 simplices
433 730 553 763 habere
574 730 684 763 malim
706 730 749 773 (v.
772 730 812 762 ad
834 728 897 761 Cit.
922 731 960 768 8,
983 730 1033 771 4):
1062 739 1291 771 nonnunquam
1322 728 1418 759 etiam
1445 728 1479 759 in
1509 727 1702 770 apographis
1725 729 1884 760 eiusmodi

248 780 424 819 litterarum
442 788 600 819 connexio
618 789 792 830 reperitur,
817 786 873 818 ubi
898 786 932 817 in
957 792 1163 816 monumento
1184 786 1256 827 ipso
1278 783 1367 816 nulla
1390 790 1457 823 est,
1484 783 1571 815 velut
1593 783 1696 816 Melit.
1723 788 1752 824 1,
1777 784 1833 816 lin.
1850 789 1883 824 4,

249 843 305 875 ubi
327 842 453 875 litterae
475 852 508 876 δ’
532 845 565 876 in
588 843 784 887 apographis
806 841 1045 884 Barthelemyi,
1075 841 1270 880 Swintouis,
1300 840 1418 882 Bayeri
1441 851 1607 872 connexae
1630 848 1720 879 sunt,
1751 843 1784 873 in
1812 843 1882 884 ipso

249 907 457 934 monumento
477 911 541 932 non
564 908 648 932 sunt.
1500 928 1502 930 ,

421 956 597 995 „Litterae
619 958 703 989 inter
722 967 758 988 sc
781 966 946 988 connexae
969 954 1022 986 hic
1039 954 1108 986 illic
1122 955 1219 986 etiam
1234 955 1267 985 in
1284 954 1443 995 scriptura
1459 952 1654 986 Graecorum
1680 953 1724 996 (v.
1743 956 1883 986 maxime

334 1021 640 1055 „monogrammata
655 1012 907 1053 numismatum),
933 1011 1161 1049 Romanorum,
1183 1010 1394 1041 Etruscorum
1411 1010 1457 1049 (v.
1474 1009 1602 1041 Passeri
1615 1010 1730 1042 Museo
1747 1011 1884 1043 Etrusco

334 1068 407 1108 ‚‚T.
423 1068 481 1101 111.
503 1080 533 1111 p.
553 1072 604 1101 87.
626 1069 729 1101 Lanci
749 1068 869 1111 Saggio
893 1072 923 1107 1,
946 1079 974 1110 p.
996 1067 1090 1110 220),
1112 1066 1344 1098 Aramaeorum
1366 1069 1399 1097 in
1422 1066 1570 1108 Aegypto
1592 1068 1639 1107 (v,
1657 1067 1772 1110 fragm.
1788 1067 1884 1099 Turi-

334 1136 485 1165 ,‚neuse‚
514 1125 597 1167 apud
627 1136 686 1157 nos
709 1136 761 1157 no.
785 1126 858 1167 73),
888 1125 1033 1167 adeoque
1061 1125 1095 1155 in
1119 1123 1210 1155 codd.
1233 1121 1383 1154 hebraeis
1405 1124 1561 1165 scriptura
1583 1123 1736 1166 quadrata
1758 1124 1884 1166 scriptis

336 1181 483 1221 „obviae
506 1188 580 1214 sunt
605 1182 656 1224 (v.
680 1181 758 1213 Kall
781 1182 820 1213 de
843 1182 934 1214 codd.
958 1180 1048 1212 hebr.
1072 1192 1102 1222 p.
1127 1180 1197 1221 15).
1242 1178 1268 1210 F
1270 1181 1488 1222 requentiores
1509 1181 1605 1211 etiam
1628 1179 1662 1211 hi
1684 1191 1788 1211 nexus
1811 1186 1885 1211 sunt

339 1240 404 1278 „in
427 1237 644 1280 Palmyrenis,
667 1249 847 1281 quanquam
872 1249 937 1270 non
959 1239 992 1269 in
1016 1236 1164 1268 omuibus
1186 1237 1403 1268 monumentis
1430 1237 1476 1277 (ξ.
1502 1238 1562 1275 53,
1587 1237 1635 1277 2).
1679 1236 1826 1268 Tandem
1849 1238 1883 1268 in

336 1295 524 1337 „scriptura
545 1294 627 1336 Syra
648 1296 845 1334 recentiore,
869 1294 958 1326 velut
979 1292 1190 1336 Estrangelo,
1221 1293 1255 1324 in
1277 1291 1415 1331 zabina,
1438 1292 1602 1332 Peschito,
1631 1292 1748 1325 Nischi
1769 1295 1797 1326 si
1819 1304 1883 1325 non

336 1361 500 1390 ‚,omnes,
525 1358 611 1382 certe
631 1350 802 1394 plerasque
824 1350 949 1383 litteras
972 1352 1056 1382 inter
1077 1361 1112 1382 se
1136 1356 1264 1381 nectere
1287 1356 1531 1381 consueverunt.
1543 1352 1566 1369 ‘⁶

1019 1428 1124 1466 ς.37.

778 1495 848 1528 De
890 1498 1036 1527 notis
1078 1495 1356 1536 siglisque.

379 1565 502 1596 Paucas
530 1565 684 1608 quasdam
716 1572 810 1598 notas
838 1564 1017 1608 siglasque,
1050 1563 1138 1595 velut
1170 1571 1220 1596 mn
1257 1564 1290 1594 in
1320 1563 1426 1594 numis
1456 1561 1719 1595 Marathensibus
1749 1562 1884 1607 aliisque

252 1621 448 1655 Phoeniciae
478 1622 625 1661 incertis,
655 1623 688 1653 in
717 1623 877 1664 scriptura
906 1621 1104 1653 Phoenicum
1134 1621 1198 1652 iam
1229 1621 1283 1651 diu
1314 1625 1517 1662 agnoverunt
1546 1618 1791 1663 Palaeographi.
1842 1620 1886 1652 At

251 1677 352 1710 multo
381 1677 478 1709 latius
509 1685 596 1720 patet
625 1678 705 1710 haec
733 1690 791 1721 per
819 1678 1008 1721 compendia
1038 1677 1201 1709 scribendi
1231 1677 1447 1715 consuetudo,
1481 1687 1562 1718 quae
1593 1678 1677 1718 apud
1707 1676 1885 1709 Phoenices

251 1734 337 1766 haud
359 1733 459 1766 multo
482 1736 587 1766 minus
608 1745 702 1777 quam
724 1736 808 1777 apud
827 1734 969 1766 Graecos
985 1741 1017 1765 et
1034 1733 1194 1765 Romanos
1215 1735 1357 1776 viguisse
1378 1733 1520 1771 videtur,
1553 1732 1708 1776 nobisque
1731 1735 1763 1765 in
1785 1733 1886 1766 titulis

254 1790 399 1822 obscuris
429 1789 576 1833 legendis
606 1791 688 1822 nihil
717 1792 831 1823 maiori
862 1792 935 1822 usui
964 1791 1025 1844 fuit
1053 1797 1085 1822 et
1114 1791 1317 1828 adiumento,
1351 1800 1444 1832 quam
1474 1789 1575 1821 semel
1603 1789 1781 1829 observata,
1805 1790 1886 1839 haec

254 1848 442 1889 compendia
464 1857 494 1878 v.
518 1858 544 1878 c.
567 1857 586 1879 ς
607 1858 667 1890 pro
690 1854 774 1891 ’μιν
802 1858 914 1879 servm
936 1851 1010 1878 tune
1032 1848 1054 1878 i.
1079 1858 1108 1878 e.
1132 1858 1204 1890 ego.

382 1902 479 1935 Plura
508 1910 613 1936 autem
642 1911 716 1936 sunt
745 1904 859 1935 harum
891 1910 1036 1935 notarum
1068 1914 1197 1946 genera.
1242 1902 1348 1945 Atque
1377 1903 1411 1934 in
1441 1901 1601 1945 plerisque
1624 1902 1751 1944 quidem
1778 1901 1887 1934 littera

255 1959 389 1993 initialis
405 1971 462 2002 pro
477 1962 603 2003 integro
617 1960 774 1993 vocabulo
790 1961 928 2002 ponitur,
944 1967 978 1991 ut
992 1969 1011 1991 5
1027 1971 1086 2002 pro
1104 1966 1206 2003 75:53
1228 1961 1260 1991 in
1278 1958 1360 1997 aliis,
1382 1959 1439 1990 sed
1458 1960 1573 1997 rarius,
1597 1959 1679 1990 duae
1695 1958 1886 1990 adhibentur

252 2019 379 2052 litterae
400 2017 551 2056 initiales,
572 2025 608 2050 ut
630 2026 667 2060 γι
690 2028 747 2060 pro
770 2025 853 2056 ³³22,
875 2016 927 2048 vel
942 2015 1077 2049 initialis
1093 2027 1165 2048 cum
1189 2015 1290 2054 finali,
1314 2023 1349 2047 ut
1368 2024 1417 2049 nv:
1433 2027 1491 2058 pro
1507 2025 1571 2048 mm
1593 2015 1716 2058 (anno).
1761 2015 1886 2047 Passim

253 2078 352 2109 etiam
374 2076 456 2108 duae
477 2082 583 2106 tresve
605 2074 730 2106 litterae
752 2075 883 2106 totidem
906 2074 1033 2116 integra
1046 2072 1205 2105 vocabula
1220 2072 1440 2116 significantes
1457 2079 1707 2114 componuntur,
1732 2079 1766 2104 ut
1784 2081 1827 2105 ³⁷72
1842 2088 1886 2102 =

253 2134 314 2168 aba
345 2134 430 2175 Ἴδη,
470 2142 551 2174 quae
586 2131 714 2173 quidem
749 2132 831 2162 ratio
867 2132 900 2162 in
932 2130 1131 2172 compendiis
1170 2129 1389 2161 Rabbiuorum
1422 2138 1519 2162 mam
1549 2139 1636 2164 *wrm
1667 2130 1759 2160 dictis
1789 2128 1885 2172 longe

253 2190 511 2233 frequentissima
528 2194 588 2219 est.
637 2187 674 2219 Iu
691 2198 754 2219 uuo
770 2185 918 2228 exemplo
935 2187 971 2225 (z
986 2197 1043 2228 pro
1059 2188 1141 2229 7¹:72)
1157 2188 1253 2218 etiam
1269 2185 1375 2217 finalis
1389 2185 1496 2217 littera
1512 2197 1568 2228 pro
1584 2187 1709 2228 integro
1728 2185 1885 2217 vocabulo

253 2247 401 2289 ponitur,
425 2252 461 2277 ut
485 2244 568 2287 apud
589 2243 731 2282 Arabes,
755 2255 785 2275 v.
800 2255 827 2276 c.
849 2253 869 2277 0
888 2254 944 2285 pro
960 2245 1018 2285 ω..)
1041 2242 1135 2281 urbs,
1159 2252 1172 2276 3
1194 2250 1335 2291 proni&
1358 2245 1464 2283 vicus,
1492 2261 1516 2297 ὃ
1545 2254 1602 2285 pro
1625 2241 1841 2295 &za-,aloens-

380 2314 430 2345 En
458 2313 596 2344 indicem
625 2311 821 2350 litterarum,
856 2322 936 2354 quae
957 2313 1156 2353 integrorum
1178 2310 1405 2343 vocabulorum
1429 2317 1523 2342 notae
1549 2310 1602 2342 vel
1631 2318 1704 2342 sunt
1732 2310 1784 2342 vel
1813 2320 1883 2342 esse

254 2370 419 2402 videntur:

383 2435 405 2460 tt
428 2437 484 2468 pro
507 2435 566 2470 32&
589 2427 676 2467 lapis
698 2424 758 2458 Cit.
781 2427 819 2464 3,
845 2427 872 2456 1.

344 2470 353 2481 ι
385 2493 407 2517 κ
430 2494 490 2525 pro
513 2492 563 2516 127&
587 2483 662 2521 (vir)
684 2492 714 2511 v.
737 2491 803 2514 wer.

383 2549 447 2573 δικ
471 2540 608 2571 fortasse
631 2549 688 2580 pro
711 2539 857 2572 twa-'bns
883 2538 985 2579 (pater
1007 2537 1220 2579 Superorum)
1244 2549 1275 2569 n.
1299 2549 1346 2580 pr.
1371 2536 1432 2568 Cit.
1456 2540 1492 2575 5,
1515 2541 1544 2570 2.

382 2606 437 2630 ἐκ
460 2607 517 2639 pro
541 2606 589 2629 :w
611 2602 696 2639 *μιν
719 2605 768 2630 w&
793 2598 846 2628 vir
868 2605 979 2627 rervm
1002 2599 1076 2626 tuus
1089 2594 1206 2633 fessus
1231 2596 1250 2626 i.
1266 2605 1294 2626 e.
1319 2605 1380 2636 ego
1405 2595 1453 2626 vir
1477 2600 1579 2625 aetate
1602 2593 1705 2623 fessus
1725 2603 1749 2621 s.
1769 2600 1880 2622 senex.

259 2650 321 2684 Cit.
344 2654 402 2691 33,
426 2655 456 2684 3.
479 2657 517 2691 4,
540 2653 596 2685 ubi
615 2653 698 2684 vide.
