2242 2976
393 255 730 289 INSCRIPTIONES
751 254 1213 288 PUNICO-NUMIDICAE.
1257 255 1362 288 LVII.
1385 254 1609 288 NUMlDlCA
1635 254 1782 289 PRIMA.
1837 258 1909 295 197

413 354 441 382 1.
485 350 533 382 Ac
562 351 664 393 prima
690 349 817 392 quidem
848 359 932 380 nunc
961 351 1175 381 cummaxime
1204 349 1392 392 explicanda
1415 360 1434 381 a
1455 349 1508 381 Sir
1531 349 1734 382 Gasuvrmae.
1762 348 1906 380 Tamna

285 417 371 438 anno
394 409 475 439 1833
495 408 528 438 in
542 418 624 450 pago
639 406 828 449 Maghrawa
850 407 986 455 (395522)
1015 406 1102 439 haud
1124 405 1237 449 procul
1252 406 1292 438 ab
1310 417 1348 437 eo
1364 404 1452 444 loco,
1475 405 1530 438 ubi
1546 404 1655 438 Tucca
1671 405 1907 438 Terebinthina

285 474 429 498 veterum
453 473 540 505 erat,
569 468 602 497 in
626 477 724 508 parva
745 455 880 508 quadam
905 475 980 496 casa
1002 466 1045 507 („
1055 467 1088 498 in
1111 477 1130 498 a
1151 465 1246 498 small
1268 464 1415 506 hovel“)
1437 472 1579 508 reperta,
1610 472 1734 497 coemta
1751 472 1782 496 et
1798 465 1907 496 Socie-

284 524 341 554 tati
378 522 539 554 Asiaticae
575 522 776 554 Londinensi
812 522 911 553 missa
948 529 1015 560 est,
1054 524 1086 553 in
1125 524 1214 554 cuius
1243 521 1358 554 Museo
1387 520 1469 563 lapis
1498 524 1682 554 etiamnunc
1713 527 1905 554 asservatur.

284 578 470 610 Delineatio
493 580 589 610 totius
611 580 808 611 monumenti
831 579 909 610 satis
931 586 1080 610 accurata
1102 587 1133 610 et
1155 578 1304 621 elegans,
1335 578 1391 609 sed
1414 579 1447 609 in
1470 579 1576 611 minus
1598 586 1779 617 contracta,
1803 584 1908 610 exstat

283 637 316 667 in
357 635 589 667 Transactiom
623 635 666 674 ff
687 634 742 666 the
769 635 881 676 Royal
906 636 1042 667 Aez'atic
1075 634 1208 676 Society
1235 634 1275 666 T.
1298 633 1356 666 ΙΙΙ.
1385 633 1420 666 Ρ.
1445 634 1502 665 111.
1536 635 1578 677 pl.
1601 638 1659 674 23,
1696 636 1781 667 unde
1804 634 1907 667 solam

282 693 521 734 inscriptionem
546 702 604 723 nos
626 692 830 733 repetendam
854 693 1034 723 curavimus
1056 693 1089 722 in
1113 691 1317 734 Ephemerid.
1340 690 1416 724 Hal.
1433 693 1525 730 1835,
1556 691 1660 723 Intell.
1678 691 1766 724 Blatt
1787 702 1839 723 no.
1857 694 1907 729 14,

283 755 315 779 et
336 750 368 780 in
393 749 572 790 Palaeogr.
596 747 737 779 Studien
758 748 822 779 tab.
840 751 871 780 6.
892 747 954 779 litt.
970 748 1012 779 D.
1058 748 1154 780 Aliud
1179 748 1234 779 sed
1259 747 1476 790 negligentius
1498 748 1716 790 apographum
1742 746 1907 790 Templius

283 805 370 836 dedit
385 806 418 836 in
433 803 642 836 Exeuntem
659 807 695 836 in
712 804 768 836 the
782 805 1061 836 illediterranean
1078 804 1125 843 ll,
1138 805 1177 836 ad
1196 815 1227 847 p.
1244 807 1316 836 353.
1363 803 1456 842 Quod
1477 815 1536 836 nos
1551 805 1696 836 dedimus
1712 803 1906 846 exemplum,

282 861 315 892 id
337 863 453 892 iustam
476 860 653 892 litterarum
676 862 930 903 magnitudinem
951 861 1066 900 refert,
1092 868 1124 892 et
1146 862 1186 892 ad
1211 868 1357 902 ectypum
1375 861 1517 892 Londini
1534 861 1652 892 factum
1668 861 1907 892 accuratissime

282 927 471 959 expressura
502 924 559 948 est.
610 916 641 948 A
667 918 869 949 Londinensi
904 917 1120 949 delineatione
1151 919 1240 959 ipsae
1271 916 1388 960 lapidis
1420 917 1545 960 figurae
1580 918 1614 948 in
1646 919 1756 959 paucis
1786 923 1908 949 tantum

281 973 452 1012 differunt,
482 973 570 1005 velut
592 973 648 1005 lin.
667 977 702 1013 1,
733 974 787 1005 ubi
809 973 935 1005 litterae
957 982 1020 1018 37:15
1044 975 1185 1015 pressius
1199 974 1262 1005 sibi
1276 975 1414 1005 invicem
1427 976 1555 1006 iunctae
1571 981 1661 1013 sunt,
1683 974 1761 1006 ibid.
1776 973 1838 1005 litt.
1855 976 1906 1011 13,

281 1029 338 1061 lin.
354 1032 373 1061 3
396 1028 455 1060 litt.
479 1033 508 1068 1,
531 1029 590 1061 lin.
610 1033 631 1061 4
655 1029 717 1061 litt.
739 1034 768 1062 8.
799 1033 848 1061 12.
878 1049 921 1054 -
964 1030 1187 1071 Interpretatio
1210 1031 1280 1061 eius
1304 1029 1391 1062 nulla
1414 1030 1492 1062 mihi
1514 1031 1653 1061 innotuit
1675 1037 1801 1072 praeter
1822 1040 1906 1067 eam,

282 1096 377 1128 quam
407 1085 538 1117 uberius
568 1085 710 1128 explicui
739 1092 770 1117 et
800 1086 961 1117 vindicavi
991 1086 1013 1117 l.
1037 1097 1064 1117 e.
1087 1097 1117 1127 p.
1139 1088 1181 1118 76
1203 1097 1271 1128 sqq.
1303 1093 1334 1118 et
1363 1088 1397 1118 in
1427 1097 1489 1129 qua
1511 1088 1685 1118 etiamnum
1707 1088 1779 1129 ipso
1802 1086 1908 1128 lapide

280 1144 424 1185 inspecto
448 1153 551 1184 pauca
573 1149 693 1174 tantum
717 1143 918 1174 retractanda
939 1143 1057 1174 inveni.
1289 1137 1293 1143 ’
1920 1138 1925 1147 ‘

410 1203 439 1230 2.
485 1198 614 1242 Integra
634 1200 801 1241 inscriptio
823 1200 869 1230 ita
891 1198 1038 1241 legenda'
1051 1206 1120 1230 est:

856 1265 946 1300 mn
974 1255 1008 1300 ἰν
1037 1255 1069 1300 '2
1102 1265 1184 1315 Ἱππ-ι
1218 1254 1296 1314 592
1329 1253 1430 1316 rusb

772 1325 859 1375 θ’»
891 1324 1003 1375 mab
1036 1337 1110 1388 37&
1142 1325 1314 1376 'namn
1346 1325 1428 1389 ab?

525 1418 543 1438 ς
569 1407 727 1451 '5:'2572217
762 1410 807 1458 32
837 1397 1000 1448 θυι-ηυγ)
1040 1410 1086 1460 7³
1123 1398 1336 1453 nwbznwm
1375 1412 1431 1446 nv

664 1465 725 1555 ²³3
969 1469 1161 1518 burum
1194 1482 1239 1532 7:
1271 1483 1433 1532 maman

685 1542 692 1563 l

384 1584 551 1621 Domino
578 1583 700 1619 Baali
725 1582 874 1626 Solari‚
908 1582 1015 1629 Regi
1037 1587 1215 1626 aeterno,
1253 1582 1324 1631 qm‘
1341 1581 1546 1617 exaudivit

377 1662 517 1700 preces
542 1648 778 1684 Hicembalis
804 1646 1100 1695 (Hiempsalis),
1132 1647 1282 1683 domini
1303 1647 1418 1693 regm’
1439 1646 1592 1683 aeterni

379 1714 522 1765 populi
545 1713 829 1761 Massylorum,
854 1711 943 1757 filii
972 1702 1201 1760 Magsae'balt's
1229 1712 1474 1761 (Micipsae),
1495 1712 1586 1757 filii

386 1780 637 1824 Masinissae,
661 1778 750 1823 filii
773 1776 1001 1813 Mezetbalis
1029 1777 1255 1825 (Mezetuli)
1528 1773 1735 1858 Chgnluimal,
1766 1773 1855 1806 filius
1877 1772 1909 1805 1-

1597 1837 1615 1857 a
1630 1838 1656 1858 ts

1573 1888 1659 1909 anno
1682 1899 1779 1909 ......

409 1937 510 1979 Lapis
541 1942 589 1967 est
620 1936 746 1967 votivus
777 1934 817 1966 ab
847 1933 1034 1982 Hiempsale
1065 1934 1091 1974 I,
1122 1934 1190 1966 filio
1213 1933 1387 1976 Micipsae,
1410 1932 1625 1975 Massylorum
1648 1945 1674 1966 s.
1696 1932 1908 1966 Numidarum

285 2005 371 2037 rege,
395 1991 488 2025 Baali
504 1991 610 2023 Solari
625 1993 748 2034 positus
764 1998 893 2034 propter
907 2002 1018 2033 preces
1032 1992 1101 2023 eius
1115 1992 1293 2029 exauditas,
1309 1992 1330 2022 i.
1341 2002 1369 2022 e.
1379 1997 1506 2032 propter
1521 2001 1674 2034 agrorum
1693 1990 1907 2032 arborumque

283 2050 481 2083 fertilitatem
496 2049 622 2090 regioni
638 2058 824 2080 concessam
843 2048 892 2089 (v.
907 2048 991 2079 infra
1007 2048 1047 2079 de
1064 2047 1177 2090 figuris
1187 2048 1209 2089 ).
1254 2046 1339 2078 Huic
1355 2045 1539 2078 simillimus
1553 2054 1601 2078 est
1615 2046 1698 2090 lapis
1715 2057 1852 2089 sequens
1867 2044 1907 2076 ab

283 2104 471 2148 Hiempsale
500 2104 531 2136 II
560 2106 700 2146 positus,
737 2105 791 2147 qui
822 2105 957 2135 eandem
986 2104 1155 2136 formulam
1185 2104 1324 2135 votivam
1359 2105 1519 2142 continet,
1556 2110 1589 2135 at
1610 2105 1756 2135 voventis
1778 2103 1908 2134 nomine

283 2161 486 2206 paucioribus
511 2161 705 2203 defungitur.
749 2160 812 2192 Sed
836 2161 1001 2192 videamus
1024 2161 1064 2192 de
1086 2160 1232 2203 singulis.
1276 2160 1302 2191 F
1304 2159 1427 2191 ormula
1449 2159 1583 2192 initialis
1606 2160 1708 2192 tribus
1730 2161 1909 2201 inscriptio-

284 2220 380 2252 nibus
402 2229 455 2250 no.
479 2220 530 2250 57.
555 2220 605 2249 58.
629 2219 670 2249 60
698 2218 877 2248 communis
899 2216 978 2248 haec
1000 2224 1065 2249 est:

414 2276 480 2317 Πέρ
504 2283 576 2307 :miv
601 2274 626 2306 '35
649 2273 680 2305 '2
703 2282 767 2315 van
791 2275 853 2307 ⁷:52
878 2273 978 2317 35⁸5)
1007 2273 1058 2307 De
1081 2273 1171 2305 Baal
1182 2273 1363 2305 Hammimo
1386 2284 1412 2305 s.
1431 2274 1610 2306 Hammona
1633 2285 1661 2305 v.
1677 2283 1758 2316 quae
1779 2271 1908 2303 uberius

287 2333 517 2375 disputavimus
540 2331 580 2362 ad
603 2330 772 2362 Humbert.
795 2333 826 2369 3,
851 2341 881 2372 p.
907 2333 968 2362 170
990 2340 1058 2372 sqq.
1081 2329 1152 2361 'Ex
1173 2329 1225 2362 his
1247 2329 1408 2372 lapidibus
1427 2329 1600 2373 intelligis,
1625 2341 1698 2361 eum
1722 2340 1741 2360 a
1760 2327 1907 2359 Numidis

284 2399 410 2431 quoque
440 2387 559 2420 cultum
585 2398 673 2426 esse,
711 2386 896 2430 lapidesque
925 2388 1049 2418 votivos
1081 2387 1111 2418 ei
1140 2387 1237 2418 etiam
1264 2387 1334 2418 sine
1364 2384 1546 2418 Tanaitidis
1578 2398 1604 2418 s.
1638 2385 1728 2418 Deae
1758 2382 1906 2416 coelestis

286 2445 447 2476 mentione
470 2445 591 2486 positos
613 2454 695 2475 esse.
740 2442 835 2480 Quod
851 2444 883 2474 in
899 2443 1052 2475 Exercitt.
1067 2442 1228 2485 palaeogr.
1250 2454 1280 2485 p.
1297 2445 1335 2475 81
1360 2442 1476 2475 dubius
1491 2443 1592 2482 haesi,
1616 2449 1722 2474 utrum
1736 2440 1906 2483 legendum

289 2507 373 2532 esset
391 2499 424 2532 '2
447 2508 510 2544 van
534 2502 614 2539 ⁷:2³,
637 2511 676 2531 an
701 2501 765 2543 '3⁷:72
796 2511 818 2534 Π
843 2500 919 2539 bn,
941 2500 973 2531 id
997 2510 1059 2531 non
1083 2500 1248 2539 fecissem,
1269 2500 1299 2531 si
1319 2498 1460 2542 lapidem
1483 2500 1587 2541 ipsum
1606 2500 1670 2530 iam
1686 2498 1848 2533 vidissem,
1872 2496 1905 2525 in

290 2566 352 2598 quo
380 2563 445 2588 tres
470 2557 594 2588 litterae
620 2556 812 2589 vocabulum
835 2565 897 2600 ρει-ι
922 2557 1149 2588 constituentes
1171 2562 1236 2587 tam
1258 2563 1344 2588 arcte
1366 2557 1494 2588 iunctae
1516 2562 1609 2594 sunt,
1640 2561 1674 2585 ut
1696 2564 1758 2584 non
1782 2552 1906 2594 possint

291 2622 353 2643 non
383 2612 422 2643 ad
455 2623 551 2645 unum
578 2613 726 2657 idemque
755 2612 944 2645 vocabulum
974 2614 1147 2656 pertinere:
1177 2624 1239 2656 quo
1265 2613 1369 2655 posito
1398 2611 1523 2643 litterae
1553 2620 1596 2644 ³:
1627 2609 1796 2641 manifesto
1819 2607 1903 2639 idem
