2242 2976
701 269 904 304 LINGUAE
924 269 1120 305 INDOLES
1142 270 1202 305 ΕΤ
1224 270 1449 304 HISTORIA.
1813 274 1884 312 341

262 366 448 410 prodiderat
470 366 514 408 ⁸⁸):
546 366 613 397 imo
634 371 727 397 sexto
743 363 854 397 seculo
875 364 1051 407 Procopius
1065 365 1198 403 Mauros
1220 364 1358 407 Libyam
1374 364 1414 396 ad
1430 363 1583 397 Herculis
1603 376 1703 408 usque
1720 365 1885 399 columnas

262 422 445 454 habitantes
475 422 629 454 Φοινίκων
656 420 799 464 γλώσσην
827 420 917 463 loqui
939 428 1047 453 narrat
1070 421 1122 463 ⁸⁸³⁸).
1167 420 1258 459 Quae
1279 423 1314 453 in
1335 420 1490 464 Cypriani
1513 427 1546 452 et
1566 420 1737 464 Augustini
1759 424 1886 466 scriptis

263 485 356 521 atque
392 479 427 510 in
463 477 671 510 conciliorum
705 477 931 509 Africanorum
967 478 1046 510 actis
1080 479 1305 520 reperiuntur,
1348 478 1535 520 oppidorum
1571 479 1703 510 nomina
1734 477 1886 522 pleraque

263 532 384 567 Punica
411 541 502 574 sunt,
539 540 650 567 contra
681 535 904 577 episcoporum
933 535 1065 566 nomina
1096 536 1269 566 maximam
1306 540 1430 576 partem
1463 534 1600 566 Latinae
1632 535 1767 577 originis
1804 535 1885 578 ”*):

262 591 347 633 quod
377 602 473 623 nemo
501 591 690 630 mirabitur,
734 591 789 633 qui
819 590 1019 629 meminerit,
1060 592 1191 623 nomina
1220 591 1347 633 propria
1381 589 1524 621 locorum
1562 601 1660 634 saepe
1698 600 1754 633 per
1787 591 1887 624 multa

263 646 371 679 secula
407 648 519 679 eadem
552 658 682 679 manere
716 653 748 679 et
775 647 810 678 in
838 645 919 678 alias
949 645 1076 689 linguas
1105 647 1289 686 transferri,
1326 646 1491 678 homiuum
1521 657 1597 679 vero
1632 649 1762 679 nomina
1790 647 1886 680 facile

264 714 366 736 novae
395 703 526 747 linguae
556 713 723 747 novaeque
744 702 912 745 religionis
935 703 1115 736 rationibus
1138 703 1383 736 accommodari.

1027 823 1056 860 §-
1100 824 1131 853 6.

307 890 497 922 Punicae
524 890 701 932 linguae
727 892 923 932 vestigia
954 900 1041 921 num
1077 891 1120 920 in
1150 887 1371 921 hodiernis
1403 888 1845 932 quibusdamj'linguis

956 947 1199 987 supersint?

390 1034 530 1065 Punicae
551 1032 684 1075 linguae
705 1034 842 1076 vestigia
865 1034 962 1065 etiam
984 1044 1069 1065 nunc
1090 1032 1144 1064 vel
1157 1035 1191 1065 in
1208 1033 1428 1066 Melitensium
1446 1034 1581 1066 dialecto
1596 1034 1647 1066 vel
1662 1036 1695 1066 in
1711 1033 1888 1066 Hibernica

265 1103 290 1124 s.
325 1090 409 1122 Irica
445 1089 556 1132 lingua
593 1100 780 1131 superesse,
817 1089 1006 1132 pervulgata
1042 1095 1092 1121 est
1121 1090 1230 1131 opinio
1261 1089 1302 1121 ab
1332 1091 1410 1131 ipsis
1443 1080 1583 1122 maxime
1609 1090 1828 1122 Melitensium
1857 1098 1889 1122 et

265 1146 483 1179 Hibernorum
513 1145 722 1187 scriptoribus
752 1145 963 1188 qualicunque
994 1145 1204 1177 similitudine
1232 1146 1372 1188 deceptis
1401 1157 1619 1189 summamque
1649 1146 1779 1189 linguae
1811 1157 1888 1178 suae

264 1204 485 1246 antiquitatem
499 1201 722 1233 affectantibus
738 1201 888 1241 defensa,
913 1203 1028 1233 merito
1051 1201 1108 1233 illa
1126 1203 1252 1244 quidem
1265 1203 1330 1233 iam
1346 1204 1474 1244 saepius
1492 1202 1627 1245 explosa
1638 1225 1647 1241 ‚
1678 1209 1835 1241 attamen,
1855 1210 1889 1233 ut

265 1260 402 1298 videtur,
417 1269 480 1290 non
495 1258 535 1290 ab
552 1257 701 1290 omnibus
716 1257 841 1290 abiecta
854 1257 907 1300 †).
931 1258 1036 1301 Atque
1053 1259 1092 1290 ad
1108 1257 1313 1290 Melitensem
1330 1259 1413 1300 quod
1430 1259 1554 1296 attinet,
1577 1260 1692 1291 mirum
1706 1259 1808 1290 videri
1825 1269 1888 1290 non

265 1322 391 1358 potest,
418 1315 502 1346 hano
524 1313 668 1357 linguam
690 1325 763 1346 cum
784 1314 936 1346 Hebraea
961 1314 1075 1346 leviter
1098 1315 1348 1355 comparantium
1370 1315 1494 1345 animos
1516 1313 1622 1356 aliqua
1642 1325 1752 1346 earum
1773 1314 1890 1345 simili-

267 1373 378 1404 tudine
406 1374 575 1414 per‘cussos
604 1381 694 1410 esse,
729 1382 791 1414 qua
817 1372 955 1413 permoti
990 1381 1061 1402 eam
1085 1370 1140 1401 vel·
1159 1371 1276 1402 veteris
1298 1369 1429 1412 linguae
1452 1370 1591 1401 Punicae
1613 1369 1715 1402 filiam
1739 1380 1810 1401 esse
1837 1368 1889 1402 vel
1913 1403 1919 1406 ,

267 1435 354 1460 certe
384 1427 485 1459 multa
514 1429 585 1460 eius
613 1428 751 1470 vestigia
783 1438 930 1459 servasse
963 1428 1140 1459 crederent.
1185 1425 1292 1464 Quum
1316 1427 1401 1458 enim
1424 1425 1645 1458 Melitensium
1668 1425 1824 1458 dialectus
1846 1436 1887 1457 ex

267 1484 393 1526 vulgari
406 1483 551 1516 Arabum
572 1494 631 1526 per
652 1484 793 1515 medium
814 1494 929 1516 aevum
943 1483 1091 1516 Melitam
1113 1484 1289 1514 tenentium
1308 1482 1418 1525 lingua
1431 1489 1501 1514 orta
1522 1484 1581 1521 sit,
1612 1484 1728 1525 quippe
1752 1492 1832 1524 quae
1849 1482 1889 1513 ad

266 1540 396 1583 liuguae
411 1539 582 1572 Hebraeae
599 1538 780 1582 analogiam
797 1541 928 1582 propius
945 1541 1039 1572 etiam
1051 1562 1061 1579 ,
1086 1550 1179 1582 quam
1195 1549 1300 1571 sermo
1322 1538 1479 1571 Arabicus
1501 1541 1536 1571 in
1557 1539 1649 1571 libris
1671 1538 1889 1580 frequentatus

267 1597 406 1635 accedit,
433 1595 506 1628 fieri
528 1607 592 1628 non
614 1597 734 1638 potuit,
755 1597 833 1639 quin
854 1597 1019 1638 utriusque
1040 1595 1171 1638 linguae
1193 1601 1260 1626 tum
1282 1596 1316 1627 in
1336 1595 1468 1627 vocibus
1485 1596 1564 1638 ipsis
1587 1596 1669 1636 (ach
1687 1595 1804 1633 frater,
1827 1579 1888 1626 be'n

266 1652 373 1691 filius,
417 1652 470 1684 ber
508 1658 623 1695 puteus
638 1674 648 1691 ,
691 1652 796 1695 ghain
832 1651 945 1685 oculus
959 1675 969 1691 ‚
1013 1652 1085 1684 que¹
1110 1651 1167 1683 ille
1181 1674 1190 1690 ,
1226 1651 1281 1683 In'e
1310 1650 1388 1693 illa)
1424 1658 1491 1683 tum
1534 1653 1567 1683 in
1605 1663 1713 1684 earum
1748 1650 1889 1682 flexione

269 1708 369 1750 (achi
389 1709 493 1740 frater
512 1719 623 1747 meus,
654 1708 741 1740 abdu
762 1705 876 1740 servus
897 1709 989 1750 eius)
1012 1709 1171 1751 quaedam⁴
1189 1709 1411 1740 convenientia
1427 1715 1521 1740 esset.
1564 1707 1788 1751 Neglexerunt
1801 1707 1907 1744 veros

269 1766 324 1807 qui
349 1763 437 1796 hanc
465 1775 638 1806 paucarum
666 1774 780 1796 vocum
808 1764 1045 1807 formarumque
1069 1766 1310 1808 congruentiam
1332 1771 1501 1806 urgerent,
1535 1764 1593 1796 has
1615 1765 1701 1806 ipsas
1722 1765 1757 1794 in
1779 1762 1891 1805 lingua

269 1820 409 1853 Arabica
442 1819 568 1863 vulgari
594 1831 659 1852 non
695 1821 801 1852 minus
831 1819 963 1860 haberi,
997 1831 1108 1857 omnes
1135 1820 1275 1864 reliquas
1308 1826 1413 1852 autem
1443 1819 1573 1863 linguae
1602 1819 1783 1853 Melitensis
1812 1829 1890 1860 opes

323 1959 351 1994 *)
370 1960 506 1987 Arnobius
523 1961 557 1986 ad
577 1961 621 1986 Ps.
639 1961 699 1987 104.

321 2028 366 2062 ’*)
386 2030 508 2068 Procop.
522 2029 584 2055 bell.
604 2030 718 2056 Vandal.
739 2030 779 2063 11,
799 2031 840 2055 10.
884 2028 925 2055 Cf.
946 2029 1047 2063 episto-

270 2079 322 2104 lam
345 2077 504 2111 synodicam
529 2076 639 2103 concilii
667 2085 737 2104 anuo
766 2079 817 2104 393
842 2077 941 2110 habiti,
977 2078 1047 2111 apud

270 2126 449 2162 Augustinmn
467 2126 500 2151 ad
517 2125 562 2152 Ps.
578 2125 622 2157 36,
648 2129 676 2151 et
693 2124 858 2159 cyprianum
878 2126 913 2152 de
930 2125 1047 2152 concilio

272 2173 476 2210 Carthaginensi
492 2173 555 2198 anni
570 2173 632 2199 256.

322 2233 380 2269 ***)
398 2236 539 2261 Miinterus
553 2235 586 2261 de
601 2234 753 2268 primordiis
765 2234 895 2262 ecclesiae
902 2234 1048 2261 Africanae

273 2292 332 2319 pag.
355 2285 386 2311 ¹5
412 2285 489 2317 plura
512 2283 622 2309 nomina
649 2283 761 2309 barbara
787 2291 823 2309 ex
850 2282 989 2317 Cypriane
1021 2288 1049 2309 et

274 2341 312 2358 ex
328 2331 547 2366 inscriptionibus
573 2331 701 2367 collegit,
726 2339 795 2365 quae
814 2330 866 2357 sibi
886 2331 986 2358 Punica
1006 2331 1048 2359 vi-

274 2380 386 2413 dentur,
414 2381 460 2406 sed
482 2379 533 2406 vix
559 2384 649 2405 tamen
674 2379 707 2405 ad
730 2380 783 2405 tale
801 2383 912 2413 etymon
925 2380 1050 2407 revocari

275 2431 403 2461 possunt,
430 2433 509 2462 atque
535 2419 632 2462 par'tim
655 2427 775 2461 Libyca,
803 2427 900 2461 partim
923 2428 991 2454 adeo
1013 2435 1050 2454 ex

277 2475 388 2502 Graecis
415 2481 539 2510 corrupta
562 2484 622 2503 esse
643 2476 786 2509 videntur,
819 2476 905 2503 veluti
922 2478 1050 2509 Faroexen,

277 2526 388 2557 Datum,
415 2525 586 2558 Nummium
611 2524 734 2551 Aimnius
751 2525 797 2551 vel
813 2524 953 2550 Ahimnius
972 2524 1012 2558 (i.
1023 2533 1048 2551 e.

272 2568 429 2604 ᾍυμνιος),
448 2572 610 2606 Machaeus,
636 2572 765 2599 Monulus
787 2573 817 2606 (a
834 2570 935 2606 μόνος)
953 2574 986 2599 al.

328 2633 360 2665 †)
384 2633 514 2667 Pleraque
537 2635 572 2660 ad
596 2635 665 2661 hanc
690 2642 795 2662 causam
818 2634 979 2668 pertinentia
996 2634 1048 2661 iam

1116 1961 1249 1997 attigimus
1267 1969 1327 2000 pag.
1342 1962 1411 1995 252,
1438 1961 1485 1987 ubi
1505 1960 1583 1988 etiam
1605 1962 1678 1995 (not.
1690 1960 1734 1994 ·“)
1753 1961 1892 1997 primarios

1116 2010 1245 2044 quosdam
1259 2009 1316 2035 eius
1331 2009 1467 2042 opinionis
1484 2014 1512 2035 et
1530 2014 1659 2043 patronos
1677 2014 1704 2036 et
1722 2009 1891 2036 adversarios

1117 2058 1391 2084 commemoravimus.
1413 2057 1467 2083 lllis
1482 2057 1596 2083 addendi
1608 2062 1668 2084 sunt
1678 2058 1890 2093 lo.Qu1N·rmvs

1116 2106 1145 2132 in
1159 2107 1245 2132 deser.
1254 2105 1364 2132 Melitae
1375 2105 1478 2131 insulae
1490 2106 1610 2140 (Graevii
1618 2107 1701 2133 Thes.
1709 2106 1762 2132 Sic.
1773 2108 1806 2132 Τ.
1815 2105 1890 2138 XV).

1117 2155 1188 2181 Aon
1201 2163 1236 2180 ns
1251 2154 1397 2180 Sor-usius
1408 2143 1437 2179 in
1450 2155 1540 2180 locum
1554 2154 1703 2181 Plautinum
1721 2163 1801 2181 curae
1817 2155 1849 2187 (ξ.
1859 2156 1892 2180 10

1117 2202 1216 2235 exin).
1251 2202 1291 2229 10.
1320 2203 1411 2227 Han.
1437 2202 1515 2229 Mssi
1540 2204 1593 2229 duo
1616 2203 1761 2237 specimina
1783 2202 1891 2237 linguae

1117 2250 1234 2276 Punicae
1246 2250 1274 2275 iu
1287 2250 1418 2276 hodierna
1433 2251 1616 2277 Melitensium
1633 2250 1783 2285 superstitis
1795 2249 1889 2283 (ibim).

1116 2299 1208 2326 oxon.
1229 2299 1304 2324 Bass
1325 2298 1410 2324 Malta
1428 2299 1516 2325 antica
1536 2299 1666 2326 illustrata
1686 2299 1787 2331 (Roma
1806 2298 1890 2328 1816)

1115 2356 1141 2381 p.
1166 2346 1216 2372 147
1239 2355 1298 2380 sqq.
1334 2346 1365 2372 C.
1391 2346 1422 2373 G.
1448 2346 1553 2374 Aaron
1580 2348 1613 2373 de
1639 2347 1736 2373 indolis
1759 2346 1892 2382 genuinae

1118 2394 1238 2429 reliquiis
1262 2395 1290 2420 in
1313 2394 1404 2431 lingna
1426 2395 1608 2421 Melitensium
1625 2396 1672 2421 vel
1688 2399 1749 2428 post
1770 2402 1891 2430 magnam

1118 2443 1352 2477 interpolationem
1379 2443 1539 2477 conspicuis.
1576 2443 1738 2477 Vitebergae
1767 2444 1842 2469 1812.
1864 2442 1889 2468 8.

1118 2491 1197 2518 Adeo
1222 2492 1394 2526 Tychsenius
1418 2490 1497 2524 (Act.
1517 2492 1608 2525 Upsal.
1627 2492 1684 2518 vll
1702 2500 1728 2524 p.
1747 2489 1802 2522 88)
1823 2489 1890 2515 scri-

1119 2540 1213 2566 bebat:
1232 2540 1390 2575 „Exemplo
1409 2543 1450 2564 est
1470 2541 1555 2571 lingua
1574 2542 1669 2565 Punica
1689 2541 1712 2564 in
1731 2541 1812 2564 insula
1831 2540 1890 2563 Me-

1118 2590 1177 2621 lite,
1211 2597 1279 2623 quae
1303 2591 1388 2613 tantas
1414 2595 1490 2619 passa
1518 2591 1559 2613 est
1585 2586 1758 2619 mutationes,
1789 2590 1817 2612 ut
1841 2586 1890 2614 vix

1120 2637 1195 2662 color
1216 2635 1241 2662 ei
1262 2643 1333 2661 nunc
1353 2639 1457 2661 constet
1475 2643 1563 2668 neque
1580 2636 1670 2660 vultus
1686 2634 1704 2647 ⁸⁸
