2242 2976
372 263 448 299 310
510 260 641 293 mana
663 249 867 291 Tannus,
913 258 972 290 os
994 257 1137 291 Numa
1158 257 1419 292 rnoamcus.
1462 259 1609 294 CAPUT
1630 261 1863 301 QUARTUM.

371 355 526 394 scientia)
554 352 594 383 ad
625 358 790 390 neutrum,
829 362 931 394 neque
963 353 1002 384 ad
1032 350 1142 394 Caph,
1180 363 1283 396 neque
1313 353 1355 385 ad
1384 352 1479 393 Nun,
1518 354 1634 387 referri
1662 356 1793 397 possint.
1835 355 1984 389 Fortasse

370 412 467 453 igitur
495 409 590 440 tertia
618 406 729 439 classis
759 419 778 438 a
808 407 933 440 duabus
955 408 1115 450 prioribus
1143 399 1338 451 separanda,
1367 417 1399 442 et
1419 409 1499 442 haec
1521 421 1594 443 cum
1611 410 1828 455 Liudbergio,
1857 411 1986 452 Sextio,

371 466 446 498 illae
468 476 510 497 ex
532 471 641 496 nostra
664 465 846 495 coniectura
874 464 976 508 Tingi
996 464 1167 497 tribuenda
1188 472 1255 498 est:
1293 476 1475 509 quanquam
1497 466 1580 499 nihil
1607 468 1687 500 certi
1707 467 1847 508 definio,
1885 469 1987 502 donee

370 520 471 553 multa
493 520 606 565 horum
630 521 855 553 numismatum
878 521 1028 564 exempla
1050 523 1121 564 ipse
1143 523 1382 557 examinavero.

468 573 474 578 ⁴
495 576 546 608 De
569 575 729 608 nonnullis
752 575 908 619 exemplis
932 588 1032 619 pauca
1054 578 1190 610 dicenda
1204 585 1385 621 supersunt.
1428 577 1576 623 Namque
1593 580 1627 613 in
1641 579 1702 613 litt.
1718 580 1758 613 G.
1773 579 1990 625 Lindbergius

370 634 409 676 (l.
432 644 459 665 c.
489 644 518 675 p.
539 635 580 665 28
602 633 693 676 sqq.)
721 634 815 676 signa
845 632 970 665 vocalia
998 645 1173 677 agnoscere
1205 634 1267 667 sibi
1297 636 1386 667 visus
1416 642 1485 675 est,
1521 636 1657 679 quaein
1679 637 1862 671 Phoeniciis
1886 646 1990 680 neque

369 690 501 732 reperiri
521 700 625 732 neque
646 691 827 732 exspectari
859 701 953 732 posse
982 691 1047 723 iam
1075 701 1172 734 supra
1192 691 1241 734 (p.
1254 692 1315 734 56)
1337 692 1490 725 diximus.
1533 691 1693 731 Quattuor
1715 695 1840 737 priores
1860 692 1990 726 litters·

368 748 513 789 integrae
540 753 633 784 sunt,
669 746 732 778 duo
762 746 855 779 Zade
890 753 998 779 autem
1035 748 1164 780 inversa
1197 754 1230 779 et
1258 754 1423 790 praeterea
1460 748 1579 789 fracta,
1616 749 1658 782 cf.
1688 749 1838 782 Mionuet
1864 748 1908 793 pl.
1938 750 1989 789 1⁹,

368 814 419 835 uo.
443 794 558 835 19:—
601 802 638 834 In
661 801 692 840 Q
712 804 814 845 prima
836 801 942 835 littera
963 804 1076 846 (quam
1099 814 1165 836 non
1187 803 1270 836 bene
1292 805 1434 837 imitatus
1456 811 1505 837 est
1526 805 1743 849 Lindbergius
1765 817 1816 838 no.
1838 806 1881 848 2)
1909 804 2002 838 mihi*

367 865 577 901 suspectaest
591 866 624 890 et
638 858 774 891 fortasse
791 869 855 891 non
872 859 1042 892 differebat
1053 870 1073 892 a
1088 859 1193 903 figura
1207 861 1241 892 in
1254 859 1400 904 reliquis.
1429 860 1467 893 In
1480 860 1542 894 litt.
1556 861 1590 896 P.
1595 861 1720 905 plenior
1735 869 1785 895 est
1797 860 1989 906 epigraphe:

1139 918 1224 951 §was

1122 982 1224 1007 namn

493 1039 557 1071 Sed
581 1049 656 1071 num
679 1046 799 1072 certum
821 1041 864 1072 sit
885 1040 1049 1072 adiectum·
1064 1048 1103 1072 m
1125 1047 1158 1072 et
1179 1039 1254 1083 quid
1276 1038 1455 1083 significet,
1487 1042 1521 1072 iu
1543 1041 1716 1084 epigraphe
1736 1041 1821 1080 ἅπαξ
1842 1040 1988 1085 λεγομένῃ

367 1095 497 1128 difficile
515 1097 610 1127 dictu.
654 1095 763 1127 Potest
769 1096 946 1135 fortunas·
960 1094 1144 1138 significare
1164 1097 1186 1128 i.
1204 1107 1234 1139 q.
1249 1105 1305 1135 aa,
1327 1097 1367 1128 cf.
1379 1106 1425 1130 mv
1440 1108 1496 1140 pro
1510 1105 1580 1131 nn,
1593 1097 1738 1140 populus,
1759 1098 1803 1140 ⁸7⁷?
1824 1108 1882 1141 pro
1901 1097 1987 1144 ιηξ)

368 1159 400 1184 et
428 1163 492 1184 non
521 1152 693 1184 absurdum
716 1158 782 1191 est,
812 1152 906 1184 deam
928 1162 989 1186 mn
1013 1158 1045 1183 et
1065 1158 1234 1194 propterea
1254 1153 1351 1184 etiam
1374 1152 1487 1185 urbem
1509 1153 1550 1186 ab
1574 1163 1614 1185 ea
1636 1152 1845 1196 appellatam,
1882 1163 1987 1189 namn

367 1208 558 1252 appellatam
570 1210 730 1252 cogitare,
760 1215 796 1239 ut
817 1209 851 1240 in
875 1207 918 1241 V.
940 1207 982 1239 Τ.
1004 1217 1041 1250 -ιι,
1062 1209 1122 1250 5³2³!
1146 1208 1186 1240 de
1208 1208 1324 1250 oppido
1345 1208 1387 1240 ad
1408 1208 1659 1253 LibanumJos.
1684 1212 1735 1249 11,
1759 1212 1812 1243 17.
1836 1213 1888 1250 ¹2,
1909 1213 1942 1244 ⁷.

930 1307 1062 1341 XVII.
1104 1307 1424 1342 ABDERA.

491 1380 629 1414 Abdera
658 1379 830 1423 (Ἄβδηρα,
858 1380 1019 1424 Αὔδηρα)
1047 1382 1198 1425 oppidum
1226 1389 1295 1414 erat
1325 1382 1503 1425 Hispaniae
1524 1381 1675 1415 Baeticae
1699 1384 1910 1424 maritimum,
1938 1383 1988 1418 ihi

365 1439 478 1477 situm,
506 1437 562 1469 ubi
584 1437 680 1469 hodie
702 1438 816 1475 Adra,
845 1444 925 1470 teste
948 1437 1107 1470 Strabone
1129 1449 1149 1470 a
1172 1437 1387 1471 Phoenicibus
1410 1439 1574 1471 conditum
1595 1438 1662 1481 (111
1683 1450 1715 1483 p.
1740 1442 1802 1473 157
1822 1439 1987 1483 Camilli.)-

365 1494 416 1527 De
446 1495 551 1525 numis
580 1495 649 1525 eius
680 1494 771 1526 docte
800 1501 832 1526 et
861 1494 1021 1527 subtiliter
1049 1496 1115 1538 egit
1142 1495 1179 1526 F.
1202 1493 1238 1526 Ρ.
1259 1493 1375 1526 Busa
1403 1496 1443 1527 ad
1473 1494 1602 1528 Sallust.
1631 1495 1682 1538 (p.
1704 1498 1747 1528 46
1769 1497 1819 1529 ed.
1839 1495 1983 1540 germ),

366 1560 463 1593 penes
485 1560 579 1592 quem
601 1550 811 1593 quadraginta
832 1558 924 1583 erant
945 1550 1041 1582 huius
1064 1558 1210 1582 monetae
1230 1550 1379 1594 exempla
1401 1553 1509 1583 omnia
1530 1553 1563 1583 in
1586 1553 1706 1584 vicinia
1723 1552 1831 1584 Adrae
1845 1558 1984 1595 reperta.

366 1607 496 1639 Praeter
518 1617 591 1638 eum
614 1605 673 1638 hos
696 1617 810 1639 numos
831 1607 998 1639 ediderunt
1019 1605 1134 1638 Florez
1162 1606 1226 1639 tab.
1247 1609 1299 1639 27.
1339 1606 1523 1651 Velasquez
1545 1607 1610 1639 tab.
1633 1610 1685 1641 2⁷.
1720 1607 1842 1640 Sestiui
1862 1607 1929 1641 tab.
1952 1611 1983 1641 1.

365 1663 405 1695 cf.
430 1661 577 1695 Mionnet
599 1661 625 1702 1,
651 1665 690 1694 13
712 1662 777 1695 tab.
801 1666 840 1695 19
861 1669 894 1695 et
914 1661 1026 1706 Suppl.
1048 1662 1076 1702 1,
1098 1673 1129 1706 p.
1151 1665 1183 1695 9.
1208 1666 1259 1696 10.
1283 1666 1363 1703 117,
1387 1662 1452 1695 tab.
1475 1666 1506 1696 5.
1548 1662 1635 1707 Typi
1656 1675 1768 1696 eorum
1789 1670 1880 1696 suut:

496 1718 657 1760 Templum
685 1724 843 1761 quattuor
871 1720 1098 1751 columnam-n.
1132 1719 1161 1761 )(
1196 1719 1274 1752 Duo
1302 1719 1421 1762 thynni
1437 1719 1484 1752 ad
1501 1722 1587 1759 eim,
1626 1721 1711 1752 inter
1732 1731 1790 1752 eos
1811 1719 1992 1764 epigraphe

363 1783 486 1810 rin-1³5.
518 1775 587 1806 ΑΕ.
611 1774 697 1807 Vide
719 1782 817 1808 nostr.
841 1774 899 1808 litt.
924 1775 965 1808 A.
988 1787 1030 1808 ex
1054 1775 1178 1818 Bayero
1201 1775 1265 1808 tab.
1287 1780 1310 1808 4
1332 1787 1385 1808 no.
1399 1779 1419 1808 2
1441 1775 1605 1819 ed.germ.
1647 1775 1708 1809 litt.
1723 1775 1762 1810 B.
1778 1787 1822 1810 ex
1835 1775 1985 1821 exemplo

365 1831 538 1863 parisiensi
560 1830 686 1874 (simile
708 1831 805 1863 habet
826 1830 970 1874 Bayerus
992 1843 1045 1866 no.
1066 1833 1118 1875 4).
1150 1831 1210 1865 litt.
1233 1832 1267 1864 G.
1291 1833 1368 1864 item
1389 1843 1431 1864 ex
1450 1831 1556 1864 Paris.
1579 1832 1640 1874 (cf.
1662 1831 1769 1876 Bayer
1789 1843 1842 1865 no.
1867 1833 1919 1876 1).-

494 1886 601 1929 Caput
614 1888 782 1929 galeatus·
796 1888 842 1919 ad
852 1888 884 1920 d.
907 1888 934 1932 )(
962 1888 1113 1930 Thymnias
1127 1893 1160 1921 et
1176 1888 1366 1931 delphinus,
1389 1890 1473 1921 inter
1486 1899 1566 1932 quos
1579 1888 1692 1921 eadem
1706 1889 1893 1936 epigraphe.
1914 1889 1985 1923 AB.

495 1942 603 1984 Caput
623 1943 741 1975 nudum
763 1944 808 1975 ad
829 1944 860 1975 d.
890 1945 917 1985 )(
947 1943 1153 1987 Delphinus,
1186 1945 1271 1977 infra
1296 1944 1481 1988 epigraphe.
1523 1944 1592 1977 ΑΕ.

493 1998 600 2041 Caput
633 1998 761 2031 Tiberii
789 2000 973 2031 laureacum
1002 2001 1048 2032 ad
1067 2002 1098 2033 d.
1142 2000 1396 2033 AVGVSTVS.
1418 1999 1475 2032 TI.
1498 1999 1670 2033 CAESAR
1690 1999 1797 2033 DIVI.
1819 1999 1924 2034 AVG.
1948 2000 1984 2034 F.

370 2054 529 2097 Templum
560 2058 699 2097 quinque
728 2056 962 2095 columnarum,
998 2067 1130 2099 quarum
1153 2058 1294 2090 secunda
1315 2063 1348 2089 et
1369 2064 1482 2099 quarta
1503 2058 1599 2100 piscIs
1621 2057 1755 2089 formam
1778 2055 1914 2089 habent:
1947 2058 1983 2089 iu

363 2111 469 2143 fronte
498 2112 594 2142 inscr.
624 2111 763 2151 Punica,
800 2113 884 2144 intra
913 2111 1078 2146 columnas
1099 2112 1292 2146 ABDERA.
1339 2113 1423 2146 Vide
1445 2112 1507 2146 litt.
1529 2113 1570 2145 D.
1592 2114 1633 2145 ad
1655 2111 1790 2155 exempl.
1813 2112 1910 2145 Paris.
1940 2113 1981 2145 cf.

365 2166 471 2209 Bayer
493 2177 544 2198 no.
568 2169 597 2198 6.

491 2222 714 2266 Epigraphen‚
737 2226 882 2266 quamvis
905 2226 1003 2258 variis
1024 2227 1128 2258 modis
1149 2227 1319 2269 scriptam,
1350 2225 1522 2270 legendam
1543 2236 1616 2258 esse

1098 2306 1240 2343 ruff-129

364 2386 397 2411 et
417 2379 457 2411 ad
479 2379 632 2410 amussim
654 2378 849 2421 respondere
871 2380 1071 2422 inscriptioni
1092 2380 1212 2414 latinae
1226 2381 1382 2421 Abdera,
1405 2380 1548 2424 explosis
1562 2379 1780 2424 superioribus
1797 2381 1981 2424 interpreti-

364 2435 442 2475 bus,
465 2445 598 2477 quorum
621 2433 677 2466 alii
698 2433 823 2467 litteras
837 2434 973 2467 Punicas
989 2437 1085 2469 cifras
1103 2437 1249 2470 arabicas
1266 2439 1412 2480 (19990)
1424 2463 1433 2479 ‚
1456 2437 1512 2470 alii
1529 2439 1666 2480 piscatus
1681 2437 1893 2469 iustrumenta
1906 2448 1979 2470 esse

364 2492 583 2530 crediderunt,
618 2492 714 2522 evicit
741 2490 885 2532 Bayerns
912 2490 933 2523 l.
962 2503 1007 2532 c.,
1044 2501 1079 2526 ut
1116 2495 1242 2526 mireris
1278 2505 1397 2526 novum
1431 2493 1609 2526 Hamakeri
1643 2500 1878 2532 commentum,
1924 2495 1980 2536 qui

364 2548 476 2590 (diatr.
502 2558 532 2590 p.
562 2548 624 2589 50)
652 2548 740 2579 numi
768 2539 938 2591 bilinguis,
973 2559 1067 2592 quem
1098 2551 1243 2582 dedimus
1271 2549 1331 2582 litt.
1359 2550 1410 2590 D,
1444 2550 1682 2592 inscriptionem
1711 2551 1779 2592 3:5³
1809 2551 1828 2590 (
1834 2547 1979 2592 Superi)

362 2602 531 2646 legendam
551 2603 690 2647 putabat.
