2242 2976
287 275 581 310 MONUMENTA
595 276 743 310 SEMlT.
760 275 953 309 AEGYPT.
976 275 1136 309 LXXIV.
1153 253 1300 309 Lxxx's.
1318 275 1475 308 PAPYRI
1489 274 1797 308 BLACASSIANI.
1842 276 1918 312 237

414 370 569 403 Ceterum
600 373 711 404 eadem
740 374 859 415 pagina
887 371 1087 403 manifestius
1117 372 1232 410 etiam,
1263 382 1357 414 quam
1386 372 1472 414 prior
1503 369 1577 408 illa,
1602 370 1714 408 docet,
1746 369 1809 401 hoc
1831 369 1919 411 frag-

287 435 429 460 mentum
461 430 661 471 superiorem
691 428 858 461 columnae
890 430 1056 471 decerptae
1090 435 1211 471 partem
1250 429 1434 465 continere,
1476 427 1585 470 ibique
1617 426 1699 458 nihil
1732 427 1845 458 deesse
1877 426 1918 457 ad

290 486 518 528 integritatem.
1225 472 1233 482 ⁸

414 550 440 581 F
443 551 601 592 ragmenti
623 551 758 582 minoris
780 552 882 593 prima
903 552 1020 593 pagina
1041 549 1108 592 (C)
1132 550 1242 581 itidem
1266 555 1387 591 septem
1410 560 1521 581 versus
1544 550 1726 591 superiores
1750 547 1917 579 columnae

287 607 452 638 cuiusdam
477 608 639 646 continet,
669 618 802 649 quorum
825 606 990 646 nonnulli,
1015 614 1049 638 ut
1071 608 1201 645 tertius,
1232 607 1372 648 quintus,
1395 607 1548 647 septimus
1571 607 1602 637 in
1627 605 1692 637 fine
1711 605 1828 647 integri
1846 613 1917 635 esse

285 663 456 694 videntur:
482 663 539 694 sed
561 664 594 694 in
618 664 794 705 posteriore
810 665 927 706 pagina
950 663 1031 705 (litt.
1048 663 1099 704 D)
1118 674 1228 694 versus
1252 662 1292 694 ab
1314 669 1447 704 utraque
1473 669 1560 704 parte
1583 661 1687 694 mutili
1710 668 1795 693 sunt.

415 736 446 765 3.
490 732 665 771 Litterae,
701 743 835 775 quarum
866 733 1010 765 tabulam
1039 734 1257 776 pertexuimus
1287 733 1351 764 tab.
1375 737 1414 771 4,
1449 734 1481 764 in
1507 734 1693 764 universum
1715 732 1842 775 quidem
1866 730 1918 761 his

285 788 464 831 persimiles
486 796 578 828 sunt,
602 800 681 831 quae
703 790 735 820 in
759 788 867 832 lapide
888 790 1187 832 Carpentoractensi
1210 797 1242 820 et
1263 790 1297 820 in
1320 789 1500 831 fragmento
1518 789 1693 821 Turinensi
1717 793 1916 830 comparent:

284 847 340 878 sed
371 845 481 889 paullo
505 847 633 888 propius
657 853 761 877 tamen
786 846 826 877 ad
850 848 1039 888 scripturam
1063 845 1285 886 Palmyrenam
1310 853 1342 877 et
1364 846 1549 888 quadratam
1569 845 1742 883 accedunt,
1782 844 1813 875 id
1833 843 1917 885 quod

286 904 430 934 maxime
452 903 660 945 conspicuum
680 910 728 934 est
744 904 775 934 in
792 902 907 934 litteris
923 902 1028 942 Beth,
1052 901 1197 941 Dalelh,
1220 902 1327 934 Rea-ch
1345 909 1377 933 et
1396 902 1504 944 Caph,
1530 913 1662 944 quarum
1678 902 1783 943 capita
1799 901 1833 931 in
1851 898 1917 930 illis

285 960 500 990 monumentis
533 970 668 1000 superne
701 966 827 1001 aperta,
864 960 898 990 in
927 958 978 990 his
1007 959 1198 1001 fragmentis
1235 967 1360 1000 praeter
1389 970 1522 1001 parvum
1555 959 1714 1002 quoddam
1745 957 1916 998 vestigium

284 1014 465 1046 unciforme
489 1014 582 1057 plane
605 1022 814 1045 evanuerunt.
858 1015 981 1046 Eodem
1005 1016 1100 1046 modo
1123 1014 1252 1046 Lamed
1271 1021 1302 1045 et
1324 1014 1420 1053 Nun,
1449 1015 1665 1058 negligentius
1686 1015 1787 1056 picta,
1811 1022 1917 1055 genua

283 1070 335 1102 vel
365 1082 479 1113 parum
512 1070 633 1102 inflexa
663 1069 715 1101 vel
737 1081 867 1112 prorsus
890 1070 979 1102 nulla
998 1070 1134 1102 habent:
1165 1071 1198 1101 in
1220 1069 1336 1101 litteris
1362 1071 1453 1112 Caph
1478 1079 1509 1102 et
1529 1071 1609 1103 Nun
1630 1077 1758 1109 autem,
1789 1069 1873 1111 quod
1891 1056 1916 1098 'a

282 1127 405 1159 Lancio
427 1122 610 1170 ‘neglectum
633 1138 704 1158 esse
729 1128 847 1166 miror,
872 1126 1015 1169 figurae
1028 1127 1152 1166 finali-s·
1176 1127 1345 1158 manifesta
1366 1127 1515 1169 exempla
1538 1127 1713 1164 habentur,
1737 1126 1811 1156 vide
1835 1124 1916 1156 Nun

283 1183 381 1215 finale
404 1186 437 1215 in
463 1195 541 1215 voce
564 1194 630 1226 γῆν
652 1184 682 1215 D
706 1183 762 1215 lin.
788 1187 823 1222 1,
853 1183 908 1215 ubi
930 1185 1017 1225 prius
1033 1182 1108 1215 Nun
1126 1184 1223 1215 breve
1239 1191 1271 1215 et
1285 1183 1521 1227 geniculatum,
1546 1184 1703 1226 posterius
1725 1181 1859 1224 longum
1882 1186 1915 1210 et

283 1247 417 1279 rectum,
450 1242 527 1271 item
549 1238 609 1271 litt.
631 1239 663 1271 A
692 1241 724 1271 in
749 1239 916 1271 columnae
940 1238 1027 1271 illius
1051 1240 1170 1271 fractae
1200 1240 1256 1272 lin.
1281 1244 1310 1272 1.
1340 1240 1400 1272 litt.
1424 1239 1463 1278 B,
1484 1244 1513 1272 6.
1546 1240 1605 1271 litt.
1629 1238 1655 1270 C
1678 1238 1734 1270 lin.
1758 1241 1777 1269 3
1807 1239 1841 1269 in
1864 1245 1913 1279 32,

282 1296 339 1329 lin.
361 1299 381 1328 7
403 1298 435 1328 in
458 1298 557 1340 Tnbm
595 1296 685 1338 Caph
707 1296 818 1334 finale
841 1295 867 1327 B
891 1295 949 1327 lin.
972 1300 1004 1328 4.
1033 1299 1063 1328 5.
1091 1299 1121 1328 6.
1152 1296 1212 1329 litt.
1235 1295 1261 1327 C
1284 1296 1341 1330 lin.
1363 1300 1393 1328 6.
1440 1295 1532 1333 Quae
1562 1297 1691 1338 quidem
1722 1296 1831 1326 omnia
1860 1293 1912 1324 his

283 1353 472 1396 fragmentis
499 1359 635 1384 aetatem
668 1351 798 1390 illorum
831 1354 927 1383 aetati
958 1352 1065 1394 paullo
1094 1351 1305 1384 recentiorem
1333 1354 1510 1395 assignant.
1555 1351 1606 1383 De
1636 1350 1773 1393 singulis
1803 1357 1912 1381 autem

284 1409 474 1452 quibusdam
494 1408 609 1441 litteris
632 1409 707 1451 quid
731 1420 750 1439 a
771 1409 894 1440 Lancio
924 1409 1130 1448 dissentiam,
1176 1409 1236 1440 hoc
1258 1409 1330 1441 loco
1353 1408 1443 1440 brevi
1466 1409 1689 1450 disputandum
1712 1414 1775 1438 est:
1814 1416 1914 1448 quan-

283 1468 402 1497 tumvis
425 1466 478 1497 hic
500 1464 796 1507 „neophilologis“
825 1466 922 1496 irasci
946 1466 1108 1504 videatur,
1149 1467 1203 1508 qui
1233 1476 1309 1498 suas
1332 1466 1371 1497 de
1394 1465 1583 1507 quibusdam
1604 1464 1720 1496 litteris
1743 1463 1912 1504 opiniones

282 1523 315 1553 in
341 1522 472 1554 dubium
501 1523 658 1553 vocarint.
709 1521 758 1552 Ac
788 1521 928 1553 Lancius
961 1522 1088 1563 quidem
1114 1523 1163 1561 ei,
1205 1533 1299 1564 quam
1330 1522 1371 1553 ad
1400 1521 1539 1564 lapidem
1571 1520 1912 1567 Carpentoractensem

281 1599 482 1636 defenderat,
516 1599 659 1640 opinioni
681 1598 876 1640 pertinacius
897 1599 1050 1630 insistens
1072 1599 1201 1640 signum
1238 1586 1257 1646 Ι
1288 1598 1405 1641 ubique
1429 1597 1556 1630 Daleth
1578 1608 1650 1629 esse
1672 1597 1777 1639 ponit,
1803 1601 1914 1626 contra

294 1678 327 1743 2
364 1692 395 1724 D
418 1691 474 1723 lin.
499 1695 516 1724 5
541 1691 646 1731 Zaz'n,
687 1669 725 1752 7
765 1691 880 1734 ubique
904 1691 1011 1723 Resch
1034 1703 1105 1723 esse
1127 1693 1251 1724 statuit:
1285 1704 1381 1735 quum
1421 1682 1445 1741 J
1473 1694 1505 1723 in
1530 1691 1580 1723 his
1602 1691 1790 1734 fragmentis
1823 1695 1857 1719 ut
1878 1689 1911 1719 in

281 1794 584 1837 Carpentoractensi
608 1792 777 1824 manifesto
801 1794 842 1824 sit:
866 1793 969 1832 Ζιιιή,
1013 1779 1047 1846 2
1083 1793 1171 1833 Phe,
1223 1769 1299 1856 ⁷7
1330 1796 1472 1825 maxime
1495 1788 1623 1825 brevius
1641 1794 1757 1835 pictum
1771 1789 1906 1823 Daleth.

283 1871 380 1912 Quod
410 1871 449 1902 ad
480 1870 567 1902 Zm'n
595 1868 735 1900 litteram
757 1871 888 1908 attinet,
929 1869 1026 1902 talem
1053 1872 1122 1902 eius
1146 1878 1335 1913 potestatem
1358 1869 1497 1912 postulat
1519 1881 1583 1901 non
1606 1868 1710 1901 solum
1734 1870 1909 1911 scripturae

281 1927 475 1960 Phoeniciae
489 1933 521 1957 et
539 1925 746 1966 Palmyrenae
762 1925 927 1968 analogia,
950 1927 1007 1958 sed
1023 1929 1118 1958 eiiam
1136 1927 1269 1959 vel-bum
1287 1936 1343 1971 17³³*
1362 1928 1517 1959 clamavit
1532 1926 1569 1965 C,
1585 1930 1599 1958 1
1628 1927 1709 1971 (pa-x
1726 1935 1909 1956 aramaeum

283 1996 348 2016 non
371 1984 461 2025 est):
492 1983 690 2025 pronominis
713 1988 817 2013 autem
841 1992 867 2016 ··τ
891 1981 929 2022 Β,
948 1986 975 2014 1.
992 1986 1021 2015 3.
1039 1987 1066 2015 5.
1091 1983 1126 2022 C,
1144 1987 1174 2015 2.
1198 1983 1239 2022 D,
1258 1987 1287 2015 1.
1309 1988 1340 2015 2.
1386 1993 1424 2018 Μ
1448 1983 1487 2022 Β,
1512 1986 1541 2015 5.
1587 1991 1640 2017 'rm
1665 1981 1703 2021 C,
1728 1986 1758 2014 2.
1796 1992 1845 2016 πο
1869 1980 1906 2019 C,

281 2044 301 2073 3
325 2052 402 2072 usus
434 2051 490 2081 pro
522 2038 647 2081 vulgari
676 2049 725 2077 «π,
750 2048 813 2078 aa,
839 2046 917 2076 ττι-ι,
944 2048 997 2072 ⁵5:
1030 2039 1080 2071 his
1108 2040 1295 2082 fragmentis
1323 2051 1394 2072 cum
1425 2051 1584 2072 marmore
1609 2038 1910 2081 Carpentoractensi

280 2098 457 2130 communis
488 2102 544 2140 est.
589 2095 716 2127 Daleth
738 2095 875 2127 litteram
901 2097 933 2126 in
963 2096 1012 2127 his
1042 2096 1230 2139 fragmentis
1259 2098 1303 2128 ita
1333 2098 1441 2139 pingi,
1479 2103 1512 2128 ut
1540 2098 1595 2128 vix
1618 2108 1637 2127 a
1662 2095 1766 2127 Resch
1789 2096 1908 2126 discer-

281 2161 392 2192 natur,
431 2151 536 2195 paullo
567 2158 672 2182 tamen
702 2151 832 2183 brevius
863 2153 921 2190 sit,
959 2152 1137 2184 luculenter
1169 2161 1299 2195 apparet
1336 2164 1377 2184 ex
1410 2153 1516 2185 verbis
1545 2146 1661 2196 &nl->ux
1693 2162 1783 2186 ’ΠΜ-τ
1814 2155 1907 2194 peret

280 2213 414 2243 iustitia
430 2209 472 2247 D,
489 2213 528 2247 4,
552 2219 632 2251 quae
646 2208 787 2240 Lancius
802 2209 890 2240 nulla
905 2211 1063 2241 sententia
1085 2209 1164 2252 legit
1185 2219 1306 2253 &ap-³2:
1331 2218 1423 2244 anan
1447 2210 1709 2249 „jb7·lfficherai
1724 2208 1905 2245 Sarcata“,

283 2267 364 2298 adde
386 2265 532 2298 voculam
559 2275 598 2298 -ιν
621 2264 651 2296 A
675 2264 732 2296 lin.
755 2268 773 2297 3
797 2267 830 2297 in
857 2274 934 2309 ἵππι’
956 2275 995 2299 w
1019 2267 1120 2297 donec
1143 2266 1387 2306 aedtficubunt,
1423 2278 1481 2309 pro
1510 2278 1571 2309 quo
1594 2267 1735 2298 Lancius
1759 2274 1792 2307 ῖς
1815 2264 1904 2306 legit,

281 2325 470 2358 vocabulum
495 2324 587 2356 nihili
609 2324 659 2367 (v.
683 2325 799 2366 infra).
843 2324 916 2357 Non
940 2327 1046 2357 minus
1066 2332 1152 2356 certa
1173 2332 1222 2357 est
1243 2325 1368 2357 litterae
1393 2314 1426 2369 2
1449 2334 1594 2369 potestas
1612 2326 1683 2359 Phe
1700 2327 1731 2356 in
1747 2324 1787 2363 D,
1801 2323 1857 2355 lin.
1874 2327 1904 2362 5,

279 2401 345 2425 tum
375 2405 416 2425 ex
445 2392 595 2435 analogia
624 2399 656 2423 et
684 2393 894 2425 similitudine
918 2394 984 2425 Phe
1006 2393 1132 2425 litterae
1154 2394 1186 2424 in
1211 2395 1289 2428 *aba
1310 2393 1350 2432 Β,
1375 2395 1406 2431 7,
1453 2401 1518 2426 tum
1547 2405 1589 2425 ex
1611 2393 1740 2436 linguae
1763 2405 1840 2431 usu,
1870 2394 1902 2423 in

282 2460 343 2492 qua
365 2459 470 2494 ptam&
494 2457 543 2481 est
567 2450 702 2481 eductus
724 2455 792 2489 ese,
832 2460 932 2493 puna
954 2452 987 2481 in
1011 2450 1071 2481 hac
1093 2452 1319 2493 coniugatione
1342 2462 1405 2483 non
1428 2453 1590 2483 usitatum.

404 2524 434 2551 4.
479 2519 530 2551 De
556 2521 698 2552 dialecto
720 2521 803 2552 idem
827 2521 996 2552 dicendum
1018 2528 1083 2559 est,
1115 2521 1199 2563 quod
1221 2521 1261 2552 de
1283 2520 1397 2563 lapidis
1416 2519 1734 2563 Carpentoractensis
1763 2526 1794 2549 et
1817 2518 1903 2560 frag-

279 2576 378 2606 menti
406 2574 617 2608 Taurinensis
646 2577 782 2609 dialecto
809 2579 872 2609 iam
899 2578 1056 2616 diximus,
1091 2588 1161 2609 eam
1190 2589 1301 2620 puram
1334 2584 1440 2618 putam
1462 2577 1673 2614 Aramaeam,
1712 2583 1743 2606 et
1771 2575 1899 2616 quidem

279 2630 472 2664 chaldaeam
506 2643 596 2672 esse,
639 2635 695 2666 sed
732 2634 894 2667 nonnullis
924 2633 1125 2667 Hebraismis
1161 2641 1388 2677 temperatam,
1434 2633 1700 2675 quemadmodum
1738 2632 1770 2662 in
1806 2630 1899 2664 libris
