2242 2976
671 284 788 318 NUM1
809 283 1060 318 PHOENICES
1083 281 1313 317 PROPRIAE.
1356 281 1382 316 1.
1406 283 1563 317 TYRUS.
1854 284 1929 320 263

306 379 506 412 vertendum.
551 378 724 417 Quaeritur
745 387 869 419 autem,
892 380 924 411 in
948 390 1043 421 quam
1064 380 1255 424 sententiam
1278 379 1463 421 accipienda
1480 379 1522 410 sit
1535 375 1689 409 formula}
1711 380 1816 425 mater:
1835 374 1931 408 Siclo-

304 435 443 475 htmm,
468 447 560 478 quam
584 447 644 479 ego
668 437 728 476 (ad
751 437 816 469 Jes.
835 439 886 474 23,
903 439 944 476 2)
967 437 1187 468 reddideram:
1213 436 1401 477 metropolit
1417 434 1627 466 Sidoniorum
1640 435 1662 465 i.
1677 444 1705 465 e.
1721 432 1930 471 Phoenicum,

304 491 445 524 Hamak.
461 499 572 524 contra
585 492 737 534 (Miscell.
750 505 779 535 p.
790 495 864 533 147)
884 492 1046 535 explicare
1061 492 1217 524 malebat:
1241 496 1346 523 mater
1361 490 1571 523 Sidoniorum
1587 491 1727 534 (proprie
1741 490 1928 528 dictorum:

305 560 398 591 quarn
413 550 630 592 quaestionem
646 548 753 591 paullo
765 548 862 581 altius
877 556 1020 591 repetere
1036 548 1152 591 placet,
1169 550 1213 580 ita
1229 549 1375 591 quidem,
1398 555 1432 579 ut
1456 559 1529 587 eos,
1554 549 1606 590 qni
1627 546 1771 590 singulos
1787 552 1931 577 veterum

305 604 395 637 locos
410 606 498 637 adire
514 607 651 647 cupiant,
668 606 865 637 remittamus
879 605 920 636 ad
936 606 1061 637 doctam
1078 606 1148 637 eius
1164 606 1212 636 rei
1227 605 1461 647 expositionem
1477 605 1560 646 apud
1569 603 1688 635 Ezech.
1700 602 1931 645 spanhemium

307 662 347 692 de
369 672 428 693 usu
452 668 483 693 et
505 663 699 704 praestantia
720 654 947 693 numismatum
970 661 997 701 Ι,
1013 672 1043 704 p.
1063 665 1124 694 568
1141 672 1209 704 sqq.
1234 668 1266 692 et
1279 659 1404 692 Eckhel
1421 660 1463 692 D.
1479 660 1519 692 N.
1539 660 1588 692 IV
1602 672 1632 703 p.
1650 663 1710 692 275
1728 671 1794 702 sqq.
1836 658 1931 700 Apud

306 717 499 749 Phoenicius
519 719 617 760 igitur
639 726 682 752 n&
705 717 790 762 (neg)
812 722 929 757 mater,
952 719 1036 761 qnod
1057 718 1228 761 respondet
1251 727 1366 760 graeco
1387 715 1578 759 μητρόπολις
1599 718 1631 748 in
1656 717 1760 747 numis
1783 716 1932 758 frequen-

306 774 482 812 tatissimo,
505 773 588 806 haud
611 774 707 806 dubie
729 776 890 817 propriam
914 781 946 806 et
969 776 1108 806 nativam
1121 773 1392 818 significationem
1408 772 1547 805 habebat
1561 773 1650 805 urbis
1666 774 1829 815 antiquae,
1851 782 1932 814 quae

306 829 443 862 coloniis
473 830 617 862 deductis
649 830 786 862 aliarum
819 831 986 863 civitatum
1014 831 1174 863 conditrix
1203 839 1297 875 atque
1328 835 1434 863 mater
1455 830 1539 861 facta
1561 836 1664 868 esset,
1695 836 1727 860 et
1755 839 1774 860 a
1800 827 1931 860 filiabus

300 880 332 918 ἐ.
361 885 496 918 coloniis
526 888 668 929 parentis
694 888 795 919 instar
825 887 994 919 coleretur.
1047 888 1088 919 Et
1119 886 1225 929 Tyrus
1264 895 1295 919 et
1326 888 1425 919 Sidon
1457 886 1518 918 hoc
1548 883 1731 928 significatu
1759 883 1931 916 multarum

307 941 435 974 urbium
474 950 592 975 matres
631 944 738 975 vocari
773 951 919 986 poterant
948 946 977 984 *)
1015 943 1192 987 similisque
1222 956 1299 976 usus
1330 944 1413 986 apud
1442 943 1614 975 Hebraeos
1641 948 1730 980 erat,
1769 940 1825 972 ubi
1853 940 1930 972 urbs

305 997 397 1029 Abel
422 997 599 1030 honorifice
630 1006 662 1030 et
690 1001 742 1041 pie
771 999 947 1041 appellatur
976 1000 1105 1045 βιςῄῃὶηῑε,
1129 1008 1187 1043 aa]
1212 1009 1266 1043 *mg
1297 1000 1373 1032 urbs
1396 1004 1429 1031 et
1451 1004 1556 1031 mater
1577 1002 1613 1031 in
1635 998 1765 1030 Israele
1799 1001 1819 1029 2
1843 997 1930 1028 Sam.

306 1057 358 1092 20,
383 1056 423 1085 19
444 1054 467 1084 i.
492 1065 521 1085 e.
544 1054 622 1086 urbs
645 1056 776 1097 antiqua
798 1062 830 1086 et
853 1042 1068 1094 venerabilis,
1092 1042 1120 1086 si
1140 1043 1203 1087 nou
1226 1055 1424 1087 coloniarum
1447 1057 1479 1087 in
1503 1055 1584 1087 alias
1606 1062 1707 1086 terras
1730 1055 1931 1091 emissarum,

305 1117 411 1142 tamen
443 1108 615 1142 multorum
648 1111 792 1165 vicorum
823 1112 1117 1143 circumiacentium
1147 1115 1241 1158 <55³3
1263 1112 1298 1143 hi
1323 1118 1496 1151 vocantur,
1526 1122 1557 1143 v.
1580 1110 1679 1143 Thes.
1702 1122 1732 1142 v.
1755 1121 1801 1152 na
1823 1120 1876 1141 no.
1899 1112 1930 1140 8.

307 1177 336 1209 p.
362 1166 444 1207 220)
475 1177 590 1208 parens
622 1173 654 1198 et
683 1166 799 1198 altrix:
835 1168 920 1198 sicut
948 1168 982 1198 in
1013 1166 1149 1199 ecclesia
1177 1168 1351 1200 christiana
1372 1169 1535 1210 primitiva
1556 1167 1712 1199 ecclesiae
1734 1168 1876 1198 maiores
1901 1173 1933 1196 et

306 1222 449 1254 urbanae
471 1223 632 1254 minorum
655 1224 688 1254 in
712 1224 830 1254 vicinia
853 1222 1060 1255 ecclesiarum
1083 1225 1291 1263 conditrices,
1321 1229 1459 1263 matres,
1498 1224 1558 1255 hae
1579 1231 1685 1255 autem
1699 1224 1803 1262 filiae
1826 1220 1932 1264 appel-

306 1278 466 1310 labantur.
510 1278 626 1311 Postea
656 1290 732 1311 vero
762 1278 960 1322 singularum
991 1280 1118 1311 urbium
1148 1282 1288 1312 vanitate
1317 1287 1349 1312 et
1367 1291 1449 1329 lcum
1477 1279 1550 1311 aliis
1580 1281 1619 1312 de
1641 1281 1827 1321 antiquitate
1857 1289 1932 1310 con-

307 1336 450 1366 tentione
480 1333 641 1377 (ἱλληνικὰ
664 1333 874 1378 ἁμαρτήματα
895 1343 988 1368 vocat
1005 1335 1070 1368 Dio
1087 1335 1252 1378 Chrysost.
1269 1344 1349 1369 orat.
1362 1337 1433 1378 48)
1445 1337 1567 1368 factum
1589 1343 1653 1375 est,
1683 1342 1718 1367 ut
1737 1337 1832 1366 etiarn
1848 1334 1931 1365 aliae

307 1391 421 1430 urbes,
466 1402 547 1434 quae
583 1402 687 1434 neque
724 1394 912 1435 antiquitate
949 1404 1053 1435 neque
1091 1392 1226 1425 coloniis
1261 1393 1405 1425 deductis
1439 1392 1686 1430 inclaruissent,
1725 1390 1930 1433 magnificum

306 1446 491 1494 metropolis
522 1446 647 1480 titulum
676 1449 863 1481 affectarent
890 1455 921 1480 et
951 1451 1065 1491 partim
1097 1451 1227 1492 propria
1250 1451 1438 1481 auctoritate
1460 1449 1523 1481 sibi
1545 1448 1742 1487 tribuerent,
1774 1448 1890 1489 partim
1912 1458 1931 1477 a

305 1504 438 1547 regibus
463 1510 494 1534 et
516 1503 638 1535 Senatu
662 1504 828 1544 Romano,
864 1506 904 1537 ad
933 1505 1014 1537 haec
1043 1513 1117 1537 vota
1144 1517 1207 1538 non
1239 1506 1442 1545 difficilibus,
1478 1505 1669 1537 obtinerent.
1719 1505 1821 1535 Fatua
1850 1502 1930 1534 haec

304 1559 470 1592 titulorum
491 1559 624 1591 ambitio
645 1559 743 1592 Asiae
766 1563 969 1604 potissimum
991 1563 1124 1594 minoris
1147 1569 1178 1593 et
1199 1562 1310 1603 Syriae
1334 1562 1468 1594 urbibus
1490 1562 1637 1604 propria,
1662 1571 1742 1603 quae
1761 1559 1846 1591 haud
1862 1560 1929 1591 scio

306 1628 346 1648 an
369 1617 409 1648 ad
431 1615 540 1648 stilum
563 1617 767 1660 magnificum
796 1616 940 1650 Orientis
962 1619 1121 1661 pertineat
1141 1630 1161 1651 a
1182 1618 1361 1651 Seleucidis
1375 1621 1527 1650 maiorem
1543 1618 1575 1649 in
1590 1618 1720 1649 modum
1735 1607 1930 1653 affectatum,

306 1675 339 1705 in
370 1672 471 1705 titulis
500 1674 627 1716 quidem
657 1684 826 1706 numorum
855 1676 979 1717 graecis
1008 1676 1063 1706 vix
1084 1683 1157 1707 ante
1187 1677 1324 1718 primum
1356 1687 1385 1707 a.
1417 1673 1494 1707 Chr.
1524 1673 1667 1706 seculum
1698 1674 1870 1714 conspicua
1900 1679 1931 1702 et

308 1737 419 1774 postea
447 1730 572 1760 demum
598 1731 631 1761 in
655 1731 846 1762 immensum
879 1738 973 1762 aucta
995 1738 1062 1762 est:
1098 1732 1155 1763 sed
1183 1732 1217 1763 in
1245 1731 1430 1763 Phoeniciis
1457 1742 1624 1762 numorum
1655 1728 1838 1772 epigraphis
1866 1730 1932 1760 iam

306 1784 459 1817 Antiochi
481 1784 529 1816 lV
560 1792 664 1817 aetate
693 1785 786 1828 plura
817 1788 886 1818 eius
916 1783 1064 1829 exempla
1092 1787 1257 1819 habemus.
1300 1787 1373 1819 Non
1404 1787 1509 1819 solum
1540 1788 1626 1818 enim
1649 1786 1755 1827 Tyrus
1778 1787 1811 1817 in
1835 1786 1930 1817 huius

307 1843 394 1884 regis
416 1842 522 1873 numis
544 1852 579 1873 se
601 1847 735 1873 matrem
764 1840 972 1875 Sidoniorum
994 1851 1102 1883 vocat,
1139 1844 1239 1876 Sidon
1263 1849 1397 1876 matrem
1419 1845 1559 1884 aliarum
1582 1843 1781 1885 quarundam
1803 1842 1930 1874 urbium

308 1899 357 1940 (v.
377 1897 511 1939 no.11)‚
543 1898 626 1941 quod
648 1909 712 1929 nou
737 1898 910 1931 absurdum
933 1908 1000 1932 erat
1022 1907 1054 1931 et
1075 1911 1116 1931 ex
1138 1907 1227 1942 parte
1257 1911 1385 1939 verum,
1421 1901 1477 1931 sed
1499 1901 1534 1931 in
1558 1910 1655 1931 numo
1679 1899 1821 1930 eiusdem
1842 1899 1929 1940 regis

307 1956 389 1986 adeo
417 1954 580 1986 Laodicea
609 1955 699 1997 (vide
722 1966 771 1986 no.
793 1954 862 1995 lv>
891 1961 996 1988 mater
1023 1959 1059 1988 in
1084 1956 1221 1988 Canama
1242 1956 1439 1998 appellatur,
1468 1955 1545 1987 licet
1569 1966 1671 1998 neque
1694 1957 1824 1998 antiqua
1845 1962 1930 1987 esset

308 2011 388 2042 haec
410 2010 503 2049 urbs,
534 2021 635 2053 neque
655 2010 789 2043 coloniis
812 2012 956 2044 deductis
978 2012 1154 2044 celebrata:
1178 2013 1261 2044 unde
1278 2020 1431 2055 apparet,
1462 2021 1504 2046 n&
1523 2014 1641 2055 pariter
1663 2019 1756 2054 atque
1778 2022 1928 2054 graecum

305 2067 515 2110 μητρόπολις,
551 2068 616 2098 iam
646 2066 872 2100 Antiochi'lv
902 2075 1045 2112 tempore
1074 2071 1106 2101 in
1136 2069 1299 2112 epitheton
1333 2069 1546 2101 honorificum
1577 2068 1708 2100 abiisse.

414 2148 482 2180 lam
510 2149 538 2180 si
567 2150 712 2190 quaeris,
747 2160 809 2192 qua
839 2152 998 2182 sententia
1025 2152 1211 2193 accipienda
1231 2152 1272 2183 sit
1293 2150 1412 2182 locutio
1435 2155 1541 2182 mater
1563 2149 1770 2182 Sidoniorum
1792 2151 1825 2181 in
1849 2148 1929 2190 Tyri

309 2207 429 2243 numis,
453 2204 589 2236 fidenter
608 2206 799 2247 respondeo,
822 2210 938 2238 matris
956 2218 1070 2239 nomen
1094 2210 1127 2239 in
1150 2209 1252 2250 prima
1274 2206 1332 2238 illa
1354 2214 1385 2238 et
1408 2209 1515 2238 nativa
1538 2214 1691 2249 potestate
1715 2209 1929 2248 inrerpretan-

309 2262 382 2294 dum
406 2272 495 2299 esse,
519 2259 674 2293 Sidonios
688 2269 792 2294 autem
815 2273 879 2294 non
896 2263 1026 2295 Sidonis
1048 2271 1170 2295 tantum
1193 2263 1334 2302 incolas,
1357 2264 1412 2295 sed
1436 2263 1589 2306 ampliore
1612 2263 1792 2306 significatu
1818 2264 1928 2302 (quem

312 2318 469 2349 vindicavi
493 2318 532 2348 ad
556 2318 620 2349 Jes.
644 2316 665 2349 l.
684 2329 709 2349 c.
731 2326 780 2357 et,
804 2327 838 2350 ut
861 2327 969 2361 postea
992 2321 1069 2359 vidi,
1093 2322 1155 2351 iam
1179 2328 1252 2351 ante
1276 2331 1326 2351 me
1349 2321 1588 2354 vindicaverant
1610 2322 1666 2352 des·
1694 2320 1865 2362 Vae'gnoles,
1895 2320 1927 2349 in

311 2373 519 2416 chronologie
551 2374 592 2405 de
622 2374 795 2406 l’histoire
824 2379 933 2407 sainte
960 2388 988 2418 p.
1015 2380 1066 2409 25.
1115 2376 1239 2408 Masius
1268 2377 1308 2409 ad
1336 2378 1401 2409 Jos.
1434 2379 1484 2416 19,
1509 2377 1570 2419 29)
1601 2377 1792 2407 Phoenicios
1817 2385 1927 2406 omnes

362 2493 392 2525 *)
412 2494 442 2519 lu
460 2495 528 2528 Tyri
548 2494 662 2520 coloniis
684 2495 763 2521 iaciie
785 2495 1010 2528 praestantissima
1027 2500 1084 2522 erat
1152 2497 1232 2523 urbes
1250 2497 1362 2528 isaach.
1382 2497 1417 2530 Π,
1437 2497 1546 2523 9—15.
1567 2496 1600 2528 V,
1616 2497 1704 2522 6-8.
1727 2494 1799 2524 vlu,
1822 2493 1882 2525 10):
1911 2502 1926 2519 Β

314 2539 462 2576 Carthago:
478 2547 626 2576 praeterea,
637 2543 659 2568 si
674 2543 906 2570 Sanchuniuthoni
920 2545 986 2570 fides
1003 2549 1084 2577 esset,
1153 2545 1271 2572 Sidoniis
1300 2545 1410 2572 cittium
1440 2545 1543 2578 Cypri,
1570 2546 1722 2577 multaeque
1740 2543 1820 2568 Asiae
1837 2543 1927 2568 mino-

314 2597 329 2613 a
349 2588 439 2621 Tyriis
460 2589 537 2615 etiam
556 2591 662 2618 condita
682 2597 722 2618 est
740 2593 893 2625 'fax-tessus,
912 2593 1002 2626 plnres
1016 2593 1084 2619 Sici·
1153 2594 1208 2626 ris,
1226 2594 1325 2626 Rhodi,
1344 2593 1449 2625 Cretae,
1468 2593 1596 2625 Melitae,
1615 2592 1730 2623 Siciliae,
1751 2590 1926 2623 Ersiphoniae

315 2636 365 2661 ¹5³ss
396 2634 495 2666 (Diod-
520 2640 549 2671 5,
576 2639 642 2673 35),
681 2640 762 2667 Asiae
787 2640 899 2667 minoris
931 2646 958 2667 et
989 2640 1084 2668 Cretae
1155 2641 1310 2678 (Liguriae)
1333 2642 1430 2676 oppida
1450 2642 1513 2668 ibid.
1535 2642 1583 2673 IV,
1602 2641 1692 2666 6—8.
1714 2639 1791 2671 vm,
1810 2641 1849 2665 10.
