2242 2976
333 285 385 321 70
440 281 572 315 LIBER
595 280 771 314 PRIMUS.
815 279 1187 313 PALAEOGRAPHIA
1209 279 1463 315 PHOENICIA.
1506 280 1653 316 CAPUT
1676 282 1898 322 QUINTUM.

335 388 406 410 esse
433 377 486 418 (de
501 374 587 407 tabb.
603 375 785 418 Eugubinis
809 386 838 417 p.
855 376 897 406 69
909 374 1002 416 sqq.)‚
1025 384 1205 417 quanquam
1219 374 1273 407 hic
1290 386 1309 406 a
1324 374 1456 418 Koppio
1469 375 1506 413 in
1516 385 1659 409 errorem
1672 377 1819 410 indoctus
1834 379 1868 410 in
1883 378 1961 410 Sain

334 433 459 466 litterae
483 431 587 474 figura
611 431 781 474 phoenicia
801 431 970 462 indicanda
992 429 1123 462 fallitur.
1168 431 1281 463 Eidem
1296 431 1405 463 favent
1418 430 1544 464 litterae
1559 432 1715 465 Etruscae
1729 439 1762 465 et
1776 432 1960 467 Umbricao.

467 490 503 520 Ο.
548 488 668 530 Figura
696 494 812 529 puncto
843 488 966 519 munita
995 494 1044 518 est
1070 488 1103 518 in
1134 487 1230 520 inser.
1253 488 1304 519 12.
1326 491 1377 520 17.
1401 490 1441 519 18
1476 490 1526 520 19.
1549 491 1591 521 37
1619 496 1652 520 et
1674 490 1707 521 iu
1731 491 1961 533 antiquissimis

337 548 440 578 numia
461 544 637 576 Cauloniae
660 550 691 574 et
713 543 872 581 Crotonis.
917 542 967 575 Cf.
991 544 1031 574 ad
1053 542 1170 575 Theta.

461 603 504 633 H.
547 599 617 642 fig,
649 602 661 630 1
695 602 791 631 inser.
822 602 853 631 8.
885 602 944 639 34,
984 599 1039 642 fig.
1068 603 1088 631 2
1122 601 1332 633 usitatissima
1362 602 1394 633 in
1424 602 1564 656 optimae
1591 603 1704 634 aetatis
1732 604 1960 642 monumentis,

334 658 388 701 fig.
411 661 429 689 3
453 659 549 688 inser.
570 658 601 688 7.

462 713 596 755 Koppa.
640 712 724 744 Vide
751 713 781 751 §-
809 715 869 752 46,
898 714 929 744 3.
974 712 1142 756 Reperitur
1169 714 1270 760 etiam
1295 714 1393 747 inser.
1423 717 1476 747 29.
1505 717 1557 747 31.
1600 713 1652 747 De
1681 715 1824 758 episemo
1846 714 1961 758 Koppa
1983 727 1987 730 ⁷

335 770 426 813 plura
448 768 537 801 dabit
558 768 685 802 Eckltel
703 768 746 801 D.
769 767 810 800 N.
833 767 883 801 lv
906 780 935 811 p.
957 771 1031 801 390.

460 827 494 858 Ρ.
541 824 695 867 Pleraque
724 824 839 864 obvia,
868 825 908 856 de
936 823 993 868 fig.
1014 829 1036 856 4
1068 835 1097 856 v.
1123 825 1222 858 inser.
1251 827 1293 863 3,
1323 828 1381 864 24,
1411 824 1467 869 fig.
1493 829 1515 859 6
1543 825 1689 868 (litterae
1717 829 1852 860 caninae
1877 827 1962 870 apud

334 883 469 915 Latinos
489 881 601 922 simili)
624 883 718 913 inscr-
743 884 792 913 16.
817 880 959 924 (Olymp.
981 883 1040 919 76,
1063 881 1107 922 3).
1133 883 1182 913 18.
1203 883 1255 913 25.
1278 883 1330 913 54.

462 939 492 969 Σ
510 936 638 978 (San).
676 937 911 980 Antiquissima
939 936 1044 979 figura
1073 944 1124 968 est
1156 935 1211 974 M;
1247 947 1328 979 quse
1359 937 1414 970 ubi
1444 929 1619 982 reperitur,
1656 941 1717 973 Μῦ
1749 912 1890 983 pingitur
1922 939 1959 973 M
2005 963 2020 975 2

333 997 381 1036 (v.
405 993 537 1026 Boeckh
561 994 601 1025 ad
624 995 720 1025 inser.
743 996 773 1024 1.
794 994 855 1034 4),
886 993 919 1024 id
949 993 1044 1035 quod
1059 993 1177 1035 optime
1208 992 1389 1035 explicatur
1411 1006 1452 1028 ex
1476 1006 1535 1035 eo,
1566 996 1650 1038 quod
1677 997 1760 1039 apud
1782 995 1963 1030 Phoenices

333 1053 415 1082 inter
438 1050 526 1083 Mem
550 1058 582 1082 et
602 1049 700 1082 Schin
722 1050 908 1088 intercedit,
930 1049 1115 1081 discrimine
1136 1050 1178 1088 (fi.
1197 1051 1249 1081 24.
1268 1050 1334 1091 32).
1379 1049 1531 1094 Reliquas
1553 1051 1694 1094 figuras,
1718 1063 1797 1095 quas
1821 1053 1862 1085 ad
1878 1052 1961 1086 hanc

334 1107 471 1139 litteram
495 1106 657 1145 referunt,
681 1105 754 1137 vide
775 1105 836 1137 sub
863 1103 979 1148 Signa
1000 1104 1173 1147 (Samech).

463 1186 501 1214 T.
545 1182 613 1225 Fig.
637 1185 651 1214 1
684 1183 781 1214 inscr-
803 1184 844 1214 20
873 1181 913 1213 cf.
943 1181 1150 1214 Phoenicium
1186 1160 1243 1241 Τ
1265 1204 1274 1213 .

462 1258 614 1302 Reliquas
636 1258 759 1291 litteras
781 1259 857 1291 inde
881 1258 921 1291 ab
945 1258 993 1298 Y,
1016 1265 1051 1290 ut
1074 1269 1094 1290 a
1116 1259 1278 1302 proposito
1300 1266 1410 1291 nostro
1430 1258 1573 1300 alienas,
1596 1261 1761 1294 mittimus.

1099 1354 1125 1391 §-
1153 1354 1207 1387 4⁸.

461 1422 512 1454 De
533 1421 649 1465 triplici
672 1428 815 1453 veterum
839 1420 1036 1453 Graecorum
1059 1420 1221 1454 scribendi
1252 1422 1366 1462 modo,
1396 1432 1415 1453 a
1444 1421 1557 1454 dextra
1579 1423 1619 1455 ad
1642 1422 1788 1462 laevam,
1820 1432 1840 1454 a
1868 1420 1962 1454 laeva

335 1480 375 1513 ad
398 1480 563 1517 dextram,
587 1485 619 1509 et
639 1477 899 1520 βουστροφηδὸν,
921 1479 985 1510 iam
1008 1488 1106 1519 supra
1129 1479 1238 1519 paucis
1261 1479 1380 1510 dictum
1404 1484 1453 1510 est
1474 1479 1502 1517 §.
1519 1481 1580 1518 46,
1605 1483 1635 1511 1.
1678 1479 1963 1522 Inter-punctionis

336 1541 442 1567 autem
457 1535 539 1565 ratio
555 1534 638 1576 apud
652 1535 843 1565 vetustiores
857 1533 998 1565 Graecos
1012 1533 1107 1575 plane
1121 1535 1231 1565 eadem
1250 1541 1300 1566 est
1319 1540 1413 1577 atque
1428 1533 1624 1566 Phoenicum
1648 1535 1690 1575 (ς.
1705 1535 1769 1577 38).
1813 1533 1962 1577 Plerique

331 1592 420 1623 *enirn
452 1589 543 1625 titulis
566 1590 821 1631 interpunctione
850 1599 980 1630 prorsus
1010 1595 1119 1620 carent
1151 1588 1267 1632 (Corp.
1299 1591 1395 1621 inscr-
1429 1592 1460 1623 1.
1486 1594 1518 1621 4.
1547 1593 1578 1623 9.
1603 1593 1643 1622 10
1665 1589 1750 1634 aL),
1781 1601 1961 1634 quanquam

336 1646 434 1679 verba
450 1647 603 1677 extremis
619 1644 764 1677 versibus
780 1646 905 1688 integra
920 1655 991 1676 esse
1005 1643 1108 1676 solent
1126 1646 1235 1687 (inser.
1246 1647 1314 1677 2.3.
1324 1646 1355 1677 7.
1365 1646 1429 1687 16).
1459 1645 1494 1678 Si
1509 1657 1571 1689 qua
1585 1653 1659 1678 sunt
1672 1646 1779 1679 verbis
1793 1647 1962 1686 distinctis,

336 1703 387 1734 vel
405 1713 468 1733 uno
485 1708 601 1744 puncto
615 1702 647 1733 id
663 1701 780 1733 factum
805 1701 894 1742 (ibid.
914 1702 1010 1733 inser.
1026 1702 1078 1741 4),
1101 1699 1152 1732 vel
1169 1700 1294 1733 duobus
1310 1702 1419 1741 (inser.
1435 1705 1485 1734 11.
1501 1705 1555 1744 34)
1577 1702 1720 1735 tribusve
1738 1704 1848 1746 (insor-
1865 1706 1895 1735 8.
1911 1705 1962 1735 18.

337 1760 406 1800 22):
436 1769 508 1789 raro
531 1756 651 1788 lineola
673 1758 794 1789 directa
818 1758 931 1799 (inscr.
955 1759 1011 1796 13,
1033 1757 1089 1788 ubi
1112 1756 1296 1789 Boeekhius
1319 1758 1381 1789 tria
1403 1767 1522 1801 puncta
1544 1759 1709 1801 reponit),
1735 1757 1836 1791 semel
1858 1758 1962 1791 tribus

337 1814 431 1846 lineis
453 1815 643 1845 transversis
665 1814 774 1854 (inser.
790 1815 858 1854 25).
901 1812 1078 1845 Rarissime
1094 1821 1200 1845 autem
1218 1815 1326 1846 omnia
1340 1819 1372 1845 et
1393 1813 1522 1856 singula
1543 1813 1642 1846 verba
1664 1816 1790 1858 punctis
1812 1815 1962 1847 distinete

337 1876 427 1902 sunt:
458 1871 491 1900 in
523 1868 681 1911 plerisque
712 1869 881 1901 verborum
909 1871 1027 1902 arctius
1048 1871 1132 1901 inter
1155 1881 1190 1901 se
1213 1869 1432 1912 copulatorum
1455 1871 1608 1902 continua
1629 1872 1788 1914 scriptura
1810 1878 1860 1903 est
1881 1881 1911 1902 v.
1933 1881 1961 1902 o.
2029 1900 2032 1901 γ

341 1924 633 1958 TANFOIKIAN
662 1926 757 1956 inscr-
779 1929 815 1964 4,
847 1926 1255 1958 ΤΟΗΕΡΜΟΚΡΑΤΟΟ1
1279 1929 1355 1967 (τοῦ
1380 1923 1647 1968 Ἑρμοκράτους),
1679 1926 1963 1959 ΚΑΙΗΕΘΜΟΝ

338 1983 408 2024 (καὶ
438 1980 580 2023 ἡθμόν),
610 1982 963 2013 ΕΣΠΡΥΤΛΝΕΙΟΝ
989 1984 1085 2015 inser.
1114 1985 1150 2015 9:
1188 1983 1348 2015 interdum
1376 1983 1502 2024 integra
1529 1983 1687 2015 sententia
1711 1982 1804 2014 finita
1832 1983 1959 2014 demum

338 2039 572 2080 interpunctum
597 2045 645 2070 est
667 2037 776 2080 (inscr-
800 2037 864 2079 11).

1100 2116 1128 2153 ᾖ.
1155 2117 1210 2147 49.

692 2182 754 2215 De
788 2185 1088 2225 antiquissima
1117 2182 1286 2214 Italiae
1326 2183 1603 2215 litteratura.

466 2257 729 2301 Antiquissimum
751 2258 863 2291 Italiae
885 2258 1095 2290 litteraturam
1117 2269 1137 2290 a
1151 2257 1274 2290 Graeca
1296 2269 1367 2290 esse
1388 2259 1581 2302 profectam,
1606 2269 1669 2292 nou
1689 2257 1794 2291 solnm
1817 2263 1958 2289 veterum

339 2316 529 2357 scriptorum
548 2316 736 2346 auctoritate
760 2322 882 2347 constat
911 2314 1006 2356 (Tac.
1028 2315 1114 2346 Ann.
1132 2314 1202 2353 XI,
1228 2318 1278 2346 14.
1307 2315 1444 2357 Dionys.
1466 2314 1573 2350 Halic.
1597 2318 1612 2347 1
1627 2337 1637 2355 ‚
1661 2318 1712 2347 21.
1734 2318 1772 2353 4,
1793 2317 1845 2345 26.
1875 2311 1959 2345 Plin.

338 2371 381 2404 H.
403 2369 445 2403 N.
469 2373 501 2410 ⁷,
525 2371 605 2413 58),
637 2372 694 2403 sed
723 2372 792 2413 ipsa
821 2373 868 2402 rei
898 2372 982 2409 ratio
1010 2372 1111 2402 docet.
1156 2370 1264 2403 Tanta
1286 2379 1336 2403 est
1362 2373 1448 2403 enim
1477 2370 1654 2403 litterarum
1682 2371 1714 2402 in
1746 2370 1960 2401 monumentis

338 2427 500 2467 Etruscis,
524 2426 704 2467 Umbricis,
728 2426 843 2466 Oscis,
867 2427 1050 2459 Samniticis
1073 2427 1239 2459 obviat-um
1262 2428 1346 2459 inter
1367 2438 1403 2459 se
1425 2433 1459 2458 et
1479 2425 1697 2458 cumGraecis
1717 2424 1835 2457 litteris
1851 2435 1960 2457 neces-

338 2483 456 2522 situdo,
472 2491 506 2514 ut
521 2482 573 2514 vel
586 2484 656 2515 sine
672 2482 738 2515 ullo
753 2490 897 2515 veterum
913 2484 1096 2514 testimonio
1112 2484 1151 2514 de
1166 2483 1261 2515 huius
1276 2482 1474 2514 litteraturae
1486 2483 1611 2525 origine
1624 2480 1764 2514 dubitari
1778 2491 1841 2513 non
1850 2482 1960 2525 possit·

338 2539 387 2570 Eo
410 2541 514 2571 maius
542 2546 649 2571 autem
670 2546 719 2572 est
746 2539 843 2571 huius
864 2538 1062 2570 litteraturae
1085 2540 1117 2569 in
1144 2539 1358 2580 disputatione
1381 2545 1490 2570 nostra
1514 2544 1728 2576 momentum,
1758 2548 1855 2580 quum
1881 2538 1960 2569 satis

338 2603 457 2627 certum
475 2596 527 2633 sit,
551 2594 692 2628 Graecas
705 2595 830 2627 litteras
845 2602 988 2637 tempore
1004 2595 1233 2636 antiquissimis
1246 2593 1345 2626 titulis
1359 2593 1492 2626 Graecis
1506 2594 1540 2636 (i.
1551 2604 1581 2628 e.
1591 2592 1782 2635 Olympiade
1798 2593 1867 2624 fere
1882 2591 1960 2635 XL)

338 2652 542 2683 antecedente
559 2653 592 2683 in
606 2651 730 2684 Italiam
747 2653 868 2684 delatas
885 2662 974 2690 esse,
996 2652 1040 2682 ita
1056 2657 1091 2682 ut
1107 2657 1229 2682 veteres
1246 2649 1357 2681 Italiae
1371 2649 1498 2682 litterae
1515 2652 1593 2682 satis
1607 2649 1704 2682 fidam
1719 2651 1959 2692 antiquissimae
