2242 2976
322 289 398 324 212
448 284 580 318 Lissa
594 281 839 316 SECUNDUS.
871 280 1210 316 mscmtrrtomzs
1226 282 1509 317 pnoemcnts.
1536 282 1686 318 cAro'r
1701 284 1902 318 ssx'rnm.

326 380 409 413 Nahz
433 383 464 419 3,
489 382 509 411 9
531 377 605 410 coll.
630 377 717 410 arab.
738 378 849 428 6333,
873 383 906 408 et
919 378 991 424 tva}
1016 376 1098 409 Dan.
1115 380 1166 415 11,
1182 380 1243 417 43,
1265 378 1306 410 ad
1327 376 1495 410 articulum
1512 377 1947 422 soli'Adjectivopraefixum

327 440 367 471 cf.
396 439 475 469 Gen.
500 441 529 476 1,
553 440 604 469 31.
629 437 680 468 Pe.
704 439 775 475 104,
799 440 850 469 18.
874 432 947 470 Joel
969 441 1000 476 2,
1021 436 1082 479 25)
1106 436 1197 468 Baal
1214 436 1318 478 Libys
1341 436 1426 468 haud
1448 437 1546 468 dubie
1563 437 1647 468 idem
1661 443 1710 469 est
1725 438 1780 481 qni
1792 437 1948 486 Romanis

327 494 503 537 appellatur
527 494 688 526 Hercule»
711 493 813 535 Libye
835 505 861 526 s.
885 493 1078 525 Phoenicius
1099 492 1253 532 (Sallust.
1275 493 1344 536 lug.
1368 495 1409 525 89
1432 494 1460 532 §-
1476 497 1514 524 4:
1545 491 1668 535 Capsa,
1691 486 1783 526 cuius
1805 494 1949 527 eonditor

326 550 483 582 Hercules
513 550 615 591 Libys
641 542 824 588 ‘ferebam-3
862 550 902 582 cf.
932 549 1030 582 Oros.
1055 552 1093 589 5,
1122 552 1181 590 15,
1218 551 1270 592 qni
1298 550 1402 582 eidem
1433 549 1505 581 urbi
1535 547 1709 582 Herculem
1741 548 1950 582 Phoenicium

325 614 486 638 auctorem
517 606 667 647 tribuit),
698 606 861 639 Hercules
891 606 1028 638 Libica·
1053 605 1193 648 (Mutat.
1216 606 1298 638 thes.
1328 607 1471 648 inscript.
1503 605 1518 637 1
1549 616 1579 648 p.
1602 605 1751 647 LXIII),
1789 605 1952 638 Her-culn

326 663 469 704 Libycus
490 661 639 702 (Eckhel
665 663 764 694 doctr.
788 674 874 694 num.
897 661 978 694 VIII
1002 673 1031 705 p.
1046 663 1148 705 442),
1177 662 1242 695 alio
1265 663 1442 695 domestico
1465 673 1580 694 nomen
1605 661 1754 704 Μάκηρις
1774 663 1797 693 i.
1811 672 1842 693 e.
1857 663 1951 705 'ip-‘m

324 719 418 760 (vide
448 720 488 750 ad
517 717 642 761 Tripol.
673 719 732 762 2),
770 727 802 751 et
825 717 994 751 multarum
1018 718 1143 751 urbium
1167 718 1409 751 Numidicarum
1433 719 1579 751 conditor
1601 718 1775 750 ferebatur.
1811 735 1857 744 -r
1879 718 1950 750 -Sud

327 777 403 818 quid
426 782 474 807 est
497 778 665 818 snper-iun·
688 775 805 807 Baulis
820 775 968 824 Libyci,
981 777 1032 809 cui
1055 782 1200 818 praeerat
1221 776 1418 808 Adn‘chen?
1446 773 1790 818 Neque‘Massylorum
1805 785 1952 818 regnum,

327 833 378 864 cui
409 831 602 864 Masinissae
631 831 753 864 familia
779 832 976 874 imperabat,
1005 842 1108 875 neque
1129 831 1385 874 Masaesylorum
1409 838 1442 864 et
1462 831 1619 874 Syphacis
1641 833 1808 874 imperium
1831 829 1952 863 intelli·-

325 889 464 931 gendum
496 899 631 927 censeo,
669 899 849 931 quanquam
878 889 910 920 in
939 895 1074 930 utroque
1102 887 1261 921 Hercules
1290 889 1468 931 impensius
1490 887 1654 920 colebatur
1676 895 1708 920 et
1730 890 1831 931 magis
1853 889 1950 920 etiam

325 955 345 975 a
366 944 574 986 Masaesylis,
611 956 745 987 quorum
770 955 862 987 reges
881 956 984 988 genus
1007 943 1047 976 ab
1071 944 1211 976 Hercule
1235 945 1394 976 ducebant
1424 943 1524 987 (Plut.
1547 943 1668 976 Sertor.
1693 945 1753 987 9):
1785 946 1949 986 utriusque

327 1002 412 1032 enim
436 1012 529 1044 reges
552 1012 593 1032 ex
617 1000 829 1043 scriptoribus
852 1002 976 1044 graecis
999 1000 1170 1043 latinisque
1195 1002 1261 1032 noti
1285 1008 1376 1040 sunt,
1411 1012 1515 1043 neque
1537 1009 1731 1033 memoratur
1752 1002 1784 1033 in
1811 1001 1867 1039 iis,
1895 1000 1951 1043 qui

326 1067 444 1088 nomen
481 1063 572 1099 gerat
609 1065 719 1088 nostro
755 1066 862 1100 ’μ-ιἾ-πεν
897 1056 1013 1090 simile.
1067 1055 1112 1088 At
1140 1058 1245 1096 enim,
1288 1064 1323 1088 ut
1352 1056 1501 1089 observat
1533 1058 1697 1100 Appianus
1727 1057 1807 1089 Pun.
1838 1067 1866 1088 c.
1898 1058 1950 1094 10,

328 1112 486 1152 Νομάδων
508 1116 570 1145 τῶν
591 1113 624 1145 ἓν
643 1113 754 1156 Λιβύῃ
784 1114 981 1147 δυνάσται
1007 1114 1064 1154 μὲν
1094 1109 1174 1154 ἦσαν
1195 1112 1273 1145 κατὰ
1294 1114 1373 1155 μέρη
1403 1112 1545 1147 πόλλοι
1574 1113 1635 1155 (cf.
1657 1113 1808 1145 Mannert
1830 1111 1949 1155 Geogr.

328 1168 374 1207 X,
391 1172 410 1199 2
435 1180 505 1211 pag.
523 1169 622 1210 194),
646 1170 741 1213 idque
765 1170 933 1203 confirmat
956 1170 1090 1202 historia
1112 1168 1269 1202 bellorum
1293 1179 1313 1199 a
1334 1168 1488 1211 Romanis
1504 1171 1537 1201 in
1554 1169 1620 1201 illis
1634 1169 1820 1212 regionibus
1842 1175 1951 1212 gesto—

328 1236 410 1263 rum,
428 1226 460 1255 in
476 1225 590 1267 quibus
605 1227 724 1268 passim
741 1234 957 1259 memorantur
971 1225 1183 1257 Numidarum
1201 1226 1357 1268 principes
1375 1232 1406 1256 et
1421 1224 1523 1268 reguli
1539 1226 1583 1265 (v.
1597 1223 1801 1257 c-Manasses
1810 1226 1950 1267 Appiae.

329 1281 389 1311 civ.
413 1284 445 1318 4,
467 1283 525 1320 54,
558 1281 702 1313 Arabion
726 1282 825 1321 ibid.,
853 1281 936 1324 al.)‚
976 1281 1071 1314 modo
1094 1291 1165 1313 cum
1188 1279 1368 1320 Romanis,
1402 1282 1496 1313 modo
1524 1292 1594 1313 cum
1618 1281 1735 1313 Poenis
1757 1279 1952 1326 Massylisve

328 1335 457 1367 foedere
481 1338 591 1369 iuncti.
643 1335 735 1370 Talis
758 1339 855 1381 igitur
877 1337 1085 1381 intelligenda
1107 1338 1169 1369 erit
1197 1337 1330 1375 civitas,
1365 1347 1445 1382 quae
1468 1335 1640 1369 Herculem
1664 1336 1823 1379 Libycum
1839 1336 1954 1369 condi-²

329 1399 429 1423 torem
461 1392 605 1433 colebat,
642 1393 740 1426 veluti
775 1394 883 1437 Capsa
913 1396 965 1434 (v.
997 1393 1128 1426 Sallust.
1159 1392 1181 1425 l.
1205 1393 1271 1435 c.),
1302 1394 1378 1425 item
1410 1390 1539 1433 Vacca,
1575 1394 1608 1425 in
1639 1394 1745 1426 numis
1778 1394 1951 1437 Ἶρέἳοψέ

328 1448 405 1480 urbs
427 1449 584 1481 Herculis
604 1449 763 1493 appellata
785 1450 861 1492 (lib.
876 1450 933 1490 Ill,
951 1461 1003 1483 no.
1020 1451 1080 1492 23)
1104 1458 1136 1482 et
1158 1449 1366 1493 probabiliter
1388 1450 1485 1493 Siga,
1514 1461 1594 1493 quae
1618 1459 1708 1494 5957:
1733 1451 1809 1485 ηδ’-Ἰ
1831 1453 1953 1482 civitae

329 1505 486 1537 Her-culte
509 1507 692 1538 nominatur
712 1506 786 1548 (lib.
803 1507 858 1546 ΙΙΙ,
874 1518 927 1539 no.
947 1507 1023 1550 25):
1047 1518 1109 1550 qua
1131 1508 1171 1538 de
1193 1517 1228 1538 re
1252 1507 1370 1538 certior
1392 1508 1551 1539 sententia
1572 1508 1635 1539 dici
1656 1515 1781 1549 posset,
1805 1507 1834 1538 si
1856 1506 1951 1538 modo

330 1562 369 1592 de
392 1560 482 1600 loco,
514 1572 577 1604 quo
600 1561 680 1604 lapis
699 1564 848 1594 inventus
871 1571 936 1602 est,
967 1570 1138 1595 constaret.
1182 1561 1424 1602 Adrichemun,
1448 1564 1587 1595 civitatis
1601 1562 1764 1606 regulum,
1787 1562 1950 1594 hominem

330 1628 448 1649 novum
471 1623 503 1649 et
525 1618 661 1650 fortasse
684 1618 797 1650 humili
820 1618 893 1650 loco
915 1626 1022 1650 natum
1046 1618 1165 1657 fuisse,
1204 1629 1246 1650 ex
1268 1629 1309 1649 eo
1331 1618 1440 1662 colligi
1463 1627 1585 1662 potest,
1626 1619 1710 1662 quod
1731 1625 1856 1662 patrum
1878 1621 1950 1652 elus

330 1673 417 1706 nulla
440 1675 559 1706 mentio
578 1682 641 1707 est:
670 1667 747 1707 eum·
765 1676 798 1707 in
822 1674 916 1707 bellis
937 1675 1087 1718 gerendis
1109 1675 1149 1707 ab
1171 1674 1322 1707 Afrorum
1347 1674 1489 1718 partibus
1505 1677 1635 1708 stetisse
1650 1682 1760 1708 contra
1774 1674 1950 1714 Romanos,

330 1742 372 1762 ex
394 1730 445 1762 bis
467 1737 617 1774 app-set,
647 1726 857 1775 &m
874 1738 1071 1774 sequuntur:

402 1795 413 1803 ”
456 1784 712 1830 νᾶὝωιηῐυὴῖ)
727 1786 877 1830 &mima
893 1794 978 1836 Νῆις.
991 1793 1048 1831 :ygh
1068 1790 1128 1830 qm·
1142 1790 1309 1830 pereuni!
1330 1786 1431 1828 (Baal
1443 1786 1565 1829 Libys)
1587 1792 1710 1820 tur-as
1722 1787 1950 1820 Romanorum·

328 1842 365 1875 Is
379 1843 496 1876 litteris
508 1852 572 1876 nos
586 1843 829 1879 uultui—dnh·
839 1851 900 1878 aa.
923 1844 960 1877 In
976 1854 1032 1878 ’so
1047 1845 1151 1887 prima
1163 1843 1271 1875 littera
1285 1850 1318 1875 et
1333 1844 1419 1876 Beth
1436 1854 1508 1876 esse
1523 1845 1627 1887 possit
1642 1851 1675 1876 et
1686 1843 1760 1876 Phe
1777 1844 1821 1886 (v.
1836 1854 1867 1887 p.
1880 1843 1950 1886 4¹),

329 1899 390 1931 sed
408 1908 464 1932 52:
487 1907 559 1942 apta
578 1903 738 1933 sententia
761 1908 857 1934 caret.
908 1901 1038 1934 Eodem·
1052 1901 1148 1933 modo
1176 1901 1209 1932 in
1232 1910 1317 1934 nu&
1341 1901 1436 1932 tertia
1456 1899 1564 1932 littera
1583 1899 1692 1933 Reeck
1714 1901 1817 1933 videri
1838 1901 1950 1943 possit,

329 1966 425 1998 qnum
448 1956 549 1987 cauda
573 1956 680 1998 paullo
705 1956 833 1999 longior
854 1959 913 1996 sit,
949 1965 983 1989 et
1010 1968 1068 2000 pro
1093 1966 1154 1992 *tn-i
1176 1968 1234 1999 per
1256 1956 1378 1989 litteras
1401 1958 1496 1989 etiam
1518 1965 1578 1990 *st-2
1600 1955 1663 1999 legi
1686 1957 1804 1998 possit:
1833 1956 1892 1988 sed
1914 1957 1948 1993 in
1990 1977 1993 1982 ι

330 2009 509 2044 Numidicis
532 2014 634 2055 magis
657 2014 772 2052 etiam,
801 2024 895 2055 quam
917 2014 949 2044 in
967 2013 1149 2045 Phoeniciis
1170 2013 1315 2056 legitime
1330 2013 1460 2055 scriptis
1476 2023 1540 2044 non
1555 2011 1625 2044 sola
1637 2011 1816 2048 litterarum
1832 2011 1949 2054 figura,

329 2068 386 2100 sed
418 2067 586 2100 verborum
616 2079 742 2112 quoque
771 2076 804 2101 et
826 2071 1005 2101 sententiae
1028 2070 1110 2101 ratio
1134 2068 1282 2101 habenda
1304 2075 1370 2108 est,
1403 2079 1484 2111 quae
1505 2079 1548 2101 ex
1570 2067 1627 2100 illa
1646 2067 1790 2101 lectione⁴
1807 2067 1948 2111 profecto

329 2124 433 2167 prodit
451 2125 623 2166 aptissima.
669 2125 795 2157 Positus
817 2126 915 2168 igitur
936 2126 1061 2157 videtur
1081 2127 1143 2157 iste
1165 2124 1248 2168 lapis
1271 2125 1312 2157 ab
1334 2124 1538 2165 Adricheno,
1560 2123 1733 2157 Numidiae
1756 2122 1883 2166 regulo,
1910 2124 1946 2156 in

331 2183 484 2211 honorem
500 2179 620 2220 Baulis,
642 2183 697 2224 qui
712 2181 829 2225 populo
843 2192 903 2214 suo
917 2183 1083 2214 victoriam
1097 2182 1136 2213 de
1149 2181 1305 2214 Romanis
1320 2188 1533 2214 concesserat.
1569 2180 1844 2219 Quemadmodum
1860 2180 1946 2212 enim

329 2238 370 2268 in·
387 2235 428 2268 V.
444 2235 485 2268 T.
509 2237 640 2268 victoria
660 2238 699 2268 de
723 2225 1045 2282 hostibus⁵reportata
1060 2239 1265 2281 gentiumque
1281 2238 1388 2270 clades
1399 2239 1582 2272 sexcenties
1597 2236 1740 2281 Jehovae
1754 2235 1947 2275 tribuuntur,

329 2295 376 2324 ita
398 2296 568 2335 percussio
597 2292 815 2326 Romanorum
846 2294 875 2326 h.
897 2294 918 2326 1.
939 2294 1059 2331 Bauli,
1093 2295 1231 2327 civitatis
1257 2296 1382 2328 numini
1411 2287 1592 2338 ἐπιχωρίῳ.”.
1617 2298 1674 2337 :gab
1701 2293 1754 2335 (in
1777 2293 1947 2335 participio

330 2347 519 2392 legendum,
556 2356 591 2380 ut
613 2350 683 2393 :fugio
705 2349 836 2381 Numid.
864 2351 979 2393 1-4)
1011 2354 1194 2394 percussit,
1231 2352 1304 2383 dein
1329 2351 1468 2390 occidte,
1498 2350 1680 2383 trucidato-'t
1701 2348 1792 2389 (lud.
1818 2351 1870 2388 15,
1893 2352 1946 2382 12.

330 2405 458 2437 2Sam.
483 2408 518 2444 1,
543 2408 624 2446 15),
663 2406 696 2437 in
728 2405 834 2437 Sacris
863 2406 958 2448 vulgo
987 2409 1131 2450 iungitur
1158 2419 1205 2450 sq.
1233 2417 1272 2448 a,
1309 2407 1341 2439 h.
1364 2406 1386 2438 l.
1416 2419 1463 2450 sq.
1493 2406 1706 2439 acc.¹utEx.
1729 2407 1760 2444 ⁵,
1785 2407 1815 2437 3.
1858 2410 1947 2454 naga—2

330 2463 505 2504 manipuli,
540 2466 666 2494 turmae
694 2463 738 2504 (2
762 2461 848 2493 Sam.
867 2465 896 2500 2,
914 2464 972 2503 25)
998 2466 1030 2494 in
1053 2463 1168 2495 malam
1191 2450 1259 2495 fere
1282 2470 1404 2506 partem
1425 2470 1590 2505 acceptum
1611 2462 1755 2500 videtur,
1786 2469 1821 2494 ut
1842 2469 1943 2494 nostr.

328 2519 441 2550 Rotte.
484 2520 541 2559 ἠ’-1
567 2517 732 2550 collective
755 2519 902 2560 ponitur,
938 2525 973 2549 ut
996 2520 1028 2550 in
1052 2519 1094 2550 V.
1109 2518 1150 2551 T.
1173 2528 1285 2568 *233222
1309 2519 1391 2551 Gen.
1415 2522 1465 2558 10,
1488 2521 1528 2551 16
1547 2528 1614 2560 sqq.
1649 2520 1700 2557 13,
1724 2521 1755 2551 7.
1785 2521 1836 2558 15,
1851 2521 1891 2551 19
1913 2525 1948 2551 et

328 2585 440 2616 saepe:
463 2577 583 2607 omisso
603 2581 710 2607 tamen
732 2573 887 2614 articulo,
922 2575 956 2606 in
977 2585 1039 2617 quo
1063 2576 1210 2617 ponendo
1233 2563 1321 2618 parci
1343 2583 1419 2609 sunt
1441 2575 1634 2615 Phoenices,
1669 2582 1755 2608 certe
1777 2576 1809 2607 in
1831 2574 1944 2608 horum

327 2632 605 2663 monumentorum
625 2630 738 2664 titulis.
782 2629 834 2663 De
