<?xml version="1.0" encoding="UTF-8"?>
<!DOCTYPE html PUBLIC "-//W3C//DTD XHTML 1.0 Transitional//EN"
    "http://www.w3.org/TR/xhtml1/DTD/xhtml1-transitional.dtd">
<html xmlns="http://www.w3.org/1999/xhtml" xml:lang="en" lang="en">
 <head>
  <title>
</title>
<meta http-equiv="Content-Type" content="text/html;charset=utf-8" />
  <meta name='ocr-system' content='tesseract 3.04.00' />
  <meta name='ocr-capabilities' content='ocr_page ocr_carea ocr_par ocr_line ocrx_word'/>
</head>
<body>
  <div class='ocr_page' id='page_1' title='image "./scripturaelingua00geseuoft_0352.png"; bbox 0 0 2242 2976; ppageno 0'>
   <div class='ocr_carea' id='block_1_1' title="bbox 371 251 1860 381">
    <p class='ocr_par' dir='ltr' id='par_1_1' title="bbox 371 251 1860 381">
     <span class='ocr_line' id='line_1_1' title="bbox 371 251 1860 295; baseline 0.001 -9"><span class='ocrx_word' id='word_1_1' title='bbox 371 256 444 292; x_wconf 80' lang='lat'><strong>316</strong></span> <span class='ocrx_word' id='word_1_2' title='bbox 515 254 646 286; x_wconf 83' lang='lat' dir='ltr'><strong>LIBER</strong></span> <span class='ocrx_word' id='word_1_3' title='bbox 668 252 871 286; x_wconf 83' lang='lat' dir='ltr'><strong>TERTIUS.</strong></span> <span class='ocrx_word' id='word_1_4' title='bbox 914 252 974 284; x_wconf 79' lang='lat' dir='ltr'><strong>DE</strong></span> <span class='ocrx_word' id='word_1_5' title='bbox 999 251 1140 286; x_wconf 85' lang='lat' dir='ltr'><strong>NUMIS</strong></span> <span class='ocrx_word' id='word_1_6' title='bbox 1163 252 1424 286; x_wconf 82' lang='lat' dir='ltr'><strong>PHOENICIIS.</strong></span> <span class='ocrx_word' id='word_1_7' title='bbox 1468 253 1614 290; x_wconf 74' lang='lat' dir='ltr'>CAPUT</span> <span class='ocrx_word' id='word_1_8' title='bbox 1636 255 1860 295; x_wconf 78' lang='lat' dir='ltr'><strong>QUINTUM.</strong></span> 
     </span>
     <span class='ocr_line' id='line_1_2' title="bbox 863 346 1498 381; baseline 0.002 -2"><span class='ocrx_word' id='word_1_9' title='bbox 863 346 970 379; x_wconf 84' lang='lat' dir='ltr'><strong>XXI.</strong></span> <span class='ocrx_word' id='word_1_10' title='bbox 1014 346 1198 379; x_wconf 80' lang='lat' dir='ltr'><strong><em>IUBA</em></strong></span> <span class='ocrx_word' id='word_1_11' title='bbox 1243 346 1498 381; x_wconf 81' lang='lat' dir='ltr'><strong>MINOR.</strong></span> 
     </span>
    </p>
   </div>
   <div class='ocr_carea' id='block_1_2' title="bbox 367 422 1990 862">
    <p class='ocr_par' dir='ltr' id='par_1_2' title="bbox 367 422 1990 862">
     <span class='ocr_line' id='line_1_3' title="bbox 498 422 1990 467; baseline 0.003 -12"><span class='ocrx_word' id='word_1_12' title='bbox 498 424 577 456; x_wconf 86' lang='lat' dir='ltr'><strong>Iuba</strong></span> <span class='ocrx_word' id='word_1_13' title='bbox 599 423 629 455; x_wconf 93' lang='lat'><strong>11</strong></span> <span class='ocrx_word' id='word_1_14' title='bbox 652 434 679 455; x_wconf 88' lang='lat' dir='ltr'><strong>s.</strong></span> <span class='ocrx_word' id='word_1_15' title='bbox 702 425 826 463; x_wconf 88' lang='lat' dir='ltr'><strong>minor,</strong></span> <span class='ocrx_word' id='word_1_16' title='bbox 865 423 962 455; x_wconf 85' lang='lat' dir='ltr'><strong>Iubae</strong></span> <span class='ocrx_word' id='word_1_17' title='bbox 984 424 1115 456; x_wconf 80' lang='lat' dir='ltr'><strong>maioris</strong></span> <span class='ocrx_word' id='word_1_18' title='bbox 1136 422 1240 464; x_wconf 76' lang='lat' dir='ltr'><strong>filiun,</strong></span> <span class='ocrx_word' id='word_1_19' title='bbox 1271 435 1366 457; x_wconf 84' lang='lat' dir='ltr'><strong>caeso</strong></span> <span class='ocrx_word' id='word_1_20' title='bbox 1380 432 1468 467; x_wconf 88' lang='lat' dir='ltr'><strong>patre</strong></span> <span class='ocrx_word' id='word_1_21' title='bbox 1485 435 1587 467; x_wconf 84' lang='lat' dir='ltr'><strong>paene</strong></span> <span class='ocrx_word' id='word_1_22' title='bbox 1604 424 1712 457; x_wconf 77' lang='lat' dir='ltr'><strong>insane</strong></span> <span class='ocrx_word' id='word_1_23' title='bbox 1729 423 1862 459; x_wconf 72' lang='lat' dir='ltr'><strong>Caesari</strong></span> <span class='ocrx_word' id='word_1_24' title='bbox 1877 427 1990 459; x_wconf 80' lang='lat' dir='ltr'><strong>victori</strong></span> 
     </span>
     <span class='ocr_line' id='line_1_4' title="bbox 372 479 1989 525; baseline 0.001 -12"><span class='ocrx_word' id='word_1_25' title='bbox 372 481 522 519; x_wconf 88' lang='lat' dir='ltr'><strong>traditus,</strong></span> <span class='ocrx_word' id='word_1_26' title='bbox 553 479 673 511; x_wconf 85' lang='lat' dir='ltr'><strong>Romae</strong></span> <span class='ocrx_word' id='word_1_27' title='bbox 695 479 872 512; x_wconf 79' lang='lat' dir='ltr'><strong>liberaliter</strong></span> <span class='ocrx_word' id='word_1_28' title='bbox 894 480 1064 519; x_wconf 74' lang='lat' dir='ltr'>educatus,</span> <span class='ocrx_word' id='word_1_29' title='bbox 1098 479 1138 511; x_wconf 90' lang='lat' dir='ltr'><strong>ab</strong></span> <span class='ocrx_word' id='word_1_30' title='bbox 1161 479 1341 512; x_wconf 84' lang='lat' dir='ltr'><strong>Octaviano</strong></span> <span class='ocrx_word' id='word_1_31' title='bbox 1365 481 1450 512; x_wconf 86' lang='lat' dir='ltr'><strong>circa</strong></span> <span class='ocrx_word' id='word_1_32' title='bbox 1473 492 1591 513; x_wconf 87' lang='lat' dir='ltr'><strong>annum</strong></span> <span class='ocrx_word' id='word_1_33' title='bbox 1613 479 1656 514; x_wconf 85' lang='lat' dir='ltr'><strong>V.</strong></span> <span class='ocrx_word' id='word_1_34' title='bbox 1679 479 1717 514; x_wconf 90' lang='lat' dir='ltr'><strong>C.</strong></span> <span class='ocrx_word' id='word_1_35' title='bbox 1741 483 1804 514; x_wconf 80' lang='grc'><strong>724</strong></span> <span class='ocrx_word' id='word_1_36' title='bbox 1832 483 1892 525; x_wconf 79' lang='grc'><strong>(30</strong></span> <span class='ocrx_word' id='word_1_37' title='bbox 1913 490 1989 515; x_wconf 82' lang='lat' dir='ltr'><strong>ante</strong></span> 
     </span>
     <span class='ocr_line' id='line_1_5' title="bbox 370 535 1989 581; baseline 0.002 -14"><span class='ocrx_word' id='word_1_38' title='bbox 370 536 470 577; x_wconf 90' lang='lat' dir='ltr'><strong>Chr.)</strong></span> <span class='ocrx_word' id='word_1_39' title='bbox 491 544 656 578; x_wconf 89' lang='lat' dir='ltr'><strong>paternum</strong></span> <span class='ocrx_word' id='word_1_40' title='bbox 679 535 849 568; x_wconf 78' lang='lat' dir='ltr'>Numidiae</span> <span class='ocrx_word' id='word_1_41' title='bbox 872 537 1039 578; x_wconf 89' lang='lat' dir='ltr'><strong>imperium</strong></span> <span class='ocrx_word' id='word_1_42' title='bbox 1062 544 1094 567; x_wconf 89' lang='lat' dir='ltr'><strong>et</strong></span> <span class='ocrx_word' id='word_1_43' title='bbox 1116 547 1186 568; x_wconf 87' lang='lat' dir='ltr'><strong>cum</strong></span> <span class='ocrx_word' id='word_1_44' title='bbox 1209 547 1249 568; x_wconf 91' lang='lat' dir='ltr'><strong>eo</strong></span> <span class='ocrx_word' id='word_1_45' title='bbox 1272 535 1494 580; x_wconf 70' lang='lat' dir='ltr'><strong>Cleopatram,</strong></span> <span class='ocrx_word' id='word_1_46' title='bbox 1525 536 1571 569; x_wconf 88' lang='lat' dir='ltr'><strong>M.</strong></span> <span class='ocrx_word' id='word_1_47' title='bbox 1591 537 1723 569; x_wconf 86' lang='lat' dir='ltr'><strong>Antonii</strong></span> <span class='ocrx_word' id='word_1_48' title='bbox 1745 543 1778 569; x_wconf 87' lang='lat' dir='ltr'><strong>et</strong></span> <span class='ocrx_word' id='word_1_49' title='bbox 1801 536 1989 581; x_wconf 71' lang='lat' dir='ltr'><strong>Cleopatrae</strong></span> 
     </span>
     <span class='ocr_line' id='line_1_6' title="bbox 368 592 1989 638; baseline 0.001 -14"><span class='ocrx_word' id='word_1_50' title='bbox 368 592 488 631; x_wconf 90' lang='lat' dir='ltr'><strong>filiam,</strong></span> <span class='ocrx_word' id='word_1_51' title='bbox 530 603 663 624; x_wconf 86' lang='lat' dir='ltr'><strong>uxorem</strong></span> <span class='ocrx_word' id='word_1_52' title='bbox 695 592 848 625; x_wconf 85' lang='lat' dir='ltr'><strong>obtinuit:</strong></span> <span class='ocrx_word' id='word_1_53' title='bbox 889 593 1010 635; x_wconf 84' lang='lat' dir='ltr'><strong>aliquot</strong></span> <span class='ocrx_word' id='word_1_54' title='bbox 1040 603 1117 624; x_wconf 78' lang='lat' dir='ltr'><strong>vero</strong></span> <span class='ocrx_word' id='word_1_55' title='bbox 1145 603 1247 625; x_wconf 90' lang='lat' dir='ltr'><strong>annos</strong></span> <span class='ocrx_word' id='word_1_56' title='bbox 1277 601 1350 636; x_wconf 88' lang='lat' dir='ltr'><strong>post</strong></span> <span class='ocrx_word' id='word_1_57' title='bbox 1378 592 1563 626; x_wconf 80' lang='lat' dir='ltr'><strong>Numidiam</strong></span> <span class='ocrx_word' id='word_1_58' title='bbox 1586 593 1740 627; x_wconf 73' lang='lat' dir='ltr'><strong>Romanis</strong></span> <span class='ocrx_word' id='word_1_59' title='bbox 1762 595 1860 627; x_wconf 79' lang='lat' dir='ltr'><strong>cessit</strong></span> <span class='ocrx_word' id='word_1_60' title='bbox 1878 601 1912 626; x_wconf 89' lang='lat' dir='ltr'><strong>et</strong></span> <span class='ocrx_word' id='word_1_61' title='bbox 1931 605 1989 638; x_wconf 75' lang='lat' dir='ltr'><strong>pro</strong></span> 
     </span>
     <span class='ocr_line' id='line_1_7' title="bbox 369 646 1990 693; baseline 0.003 -13"><span class='ocrx_word' id='word_1_62' title='bbox 369 660 408 680; x_wconf 89' lang='lat' dir='ltr'><strong>ea</strong></span> <span class='ocrx_word' id='word_1_63' title='bbox 430 646 658 681; x_wconf 81' lang='lat' dir='ltr'><strong>Mauritaniam</strong></span> <span class='ocrx_word' id='word_1_64' title='bbox 681 647 930 681; x_wconf 77' lang='lat' dir='ltr'><strong>caesareensem</strong></span> <span class='ocrx_word' id='word_1_65' title='bbox 952 655 983 680; x_wconf 90' lang='lat' dir='ltr'><strong>et</strong></span> <span class='ocrx_word' id='word_1_66' title='bbox 1005 647 1212 692; x_wconf 79' lang='lat' dir='ltr'><strong>Tingitanum</strong></span> <span class='ocrx_word' id='word_1_67' title='bbox 1234 651 1366 692; x_wconf 83' lang='lat' dir='ltr'><strong>accepit,</strong></span> <span class='ocrx_word' id='word_1_68' title='bbox 1388 651 1439 682; x_wconf 82' lang='lat' dir='ltr'><strong>eui</strong></span> <span class='ocrx_word' id='word_1_69' title='bbox 1462 657 1574 693; x_wconf 84' lang='lat' dir='ltr'><strong>postea</strong></span> <span class='ocrx_word' id='word_1_70' title='bbox 1592 649 1799 683; x_wconf 81' lang='lat' dir='ltr'><strong>Gaetulorum</strong></span> <span class='ocrx_word' id='word_1_71' title='bbox 1822 651 1990 693; x_wconf 71' lang='lat' dir='ltr'><strong>provincia</strong></span> 
     </span>
     <span class='ocr_line' id='line_1_8' title="bbox 368 704 1990 749; baseline 0.002 -13"><span class='ocrx_word' id='word_1_72' title='bbox 368 706 476 737; x_wconf 86' lang='lat' dir='ltr'><strong>addita</strong></span> <span class='ocrx_word' id='word_1_73' title='bbox 503 713 563 737; x_wconf 84' lang='lat' dir='ltr'><strong>est.</strong></span> <span class='ocrx_word' id='word_1_74' title='bbox 614 705 764 738; x_wconf 76' lang='lat' dir='ltr'><strong>Mortuus</strong></span> <span class='ocrx_word' id='word_1_75' title='bbox 787 712 836 737; x_wconf 85' lang='lat' dir='ltr'><strong>est</strong></span> <span class='ocrx_word' id='word_1_76' title='bbox 857 707 942 738; x_wconf 89' lang='lat' dir='ltr'><strong>circa</strong></span> <span class='ocrx_word' id='word_1_77' title='bbox 963 716 1082 737; x_wconf 87' lang='lat' dir='ltr'><strong>aunum</strong></span> <span class='ocrx_word' id='word_1_78' title='bbox 1107 704 1148 736; x_wconf 84' lang='lat' dir='ltr'><strong>V·</strong></span> <span class='ocrx_word' id='word_1_79' title='bbox 1171 706 1206 739; x_wconf 83' lang='lat' dir='ltr'><strong>C.</strong></span> <span class='ocrx_word' id='word_1_80' title='bbox 1229 709 1292 739; x_wconf 88' lang='grc'><strong>772</strong></span> <span class='ocrx_word' id='word_1_81' title='bbox 1323 708 1416 749; x_wconf 86' lang='lat' dir='ltr'><strong>(post</strong></span> <span class='ocrx_word' id='word_1_82' title='bbox 1438 705 1516 738; x_wconf 85' lang='lat' dir='ltr'><strong>Chr.</strong></span> <span class='ocrx_word' id='word_1_83' title='bbox 1540 708 1598 748; x_wconf 88' lang='lat'><strong>18)</strong></span> <span class='ocrx_word' id='word_1_84' title='bbox 1620 706 1732 739; x_wconf 86' lang='lat' dir='ltr'><strong>relicta</strong></span> <span class='ocrx_word' id='word_1_85' title='bbox 1755 706 1918 749; x_wconf 85' lang='lat' dir='ltr'><strong>praeclara</strong></span> <span class='ocrx_word' id='word_1_86' title='bbox 1938 708 1990 746; x_wconf 74' lang='lat' dir='ltr'><strong>aui</strong></span> 
     </span>
     <span class='ocr_line' id='line_1_9' title="bbox 367 761 1989 812; baseline 0.001 -18"><span class='ocrx_word' id='word_1_87' title='bbox 367 763 538 801; x_wconf 88' lang='lat' dir='ltr'><strong>memoria,</strong></span> <span class='ocrx_word' id='word_1_88' title='bbox 582 773 675 804; x_wconf 90' lang='lat' dir='ltr'><strong>quam</strong></span> <span class='ocrx_word' id='word_1_89' title='bbox 706 763 924 794; x_wconf 82' lang='lat' dir='ltr'><strong>moderatione</strong></span> <span class='ocrx_word' id='word_1_90' title='bbox 951 768 983 793; x_wconf 92' lang='lat' dir='ltr'><strong>et</strong></span> <span class='ocrx_word' id='word_1_91' title='bbox 1011 761 1179 804; x_wconf 77' lang='lat' dir='ltr'><strong>multiplici</strong></span> <span class='ocrx_word' id='word_1_92' title='bbox 1209 763 1389 795; x_wconf 86' lang='lat' dir='ltr'><strong>eruditione</strong></span> <span class='ocrx_word' id='word_1_93' title='bbox 1416 763 1511 795; x_wconf 70' lang='lat' dir='ltr'><strong>editis</strong></span> <span class='ocrx_word' id='word_1_94' title='bbox 1541 764 1639 795; x_wconf 86' lang='lat' dir='ltr'><strong>etiam</strong></span> <span class='ocrx_word' id='word_1_95' title='bbox 1667 762 1762 796; x_wconf 74' lang='lat' dir='ltr'><strong>libris</strong></span> <span class='ocrx_word' id='word_1_96' title='bbox 1783 762 1989 812; x_wconf 74' lang='lat' dir='ltr'><strong>comprobata</strong></span> 
     </span>
     <span class='ocr_line' id='line_1_10' title="bbox 368 817 1530 862; baseline 0.001 -12"><span class='ocrx_word' id='word_1_97' title='bbox 368 819 559 860; x_wconf 77' lang='lat' dir='ltr'><strong>promeritus</strong></span> <span class='ocrx_word' id='word_1_98' title='bbox 580 827 629 850; x_wconf 80' lang='lat' dir='ltr'><strong>est</strong></span> <span class='ocrx_word' id='word_1_99' title='bbox 652 821 701 860; x_wconf 89' lang='lat' dir='ltr'><strong>(v.</strong></span> <span class='ocrx_word' id='word_1_100' title='bbox 725 819 824 851; x_wconf 85' lang='lat' dir='ltr'><strong>Sevin</strong></span> <span class='ocrx_word' id='word_1_101' title='bbox 848 820 881 850; x_wconf 92' lang='lat' dir='ltr'><strong>in</strong></span> <span class='ocrx_word' id='word_1_102' title='bbox 904 817 1079 850; x_wconf 72' lang='lat' dir='ltr'><strong>Memoires</strong></span> <span class='ocrx_word' id='word_1_103' title='bbox 1101 819 1140 851; x_wconf 89' lang='lat' dir='ltr'><strong>de</strong></span> <span class='ocrx_word' id='word_1_104' title='bbox 1162 817 1274 851; x_wconf 87' lang='lat' dir='ltr'><strong>l’acad.</strong></span> <span class='ocrx_word' id='word_1_105' title='bbox 1297 818 1358 859; x_wconf 89' lang='lat' dir='ltr'><strong>lv,</strong></span> <span class='ocrx_word' id='word_1_106' title='bbox 1381 830 1410 862; x_wconf 88' lang='lat' dir='ltr'><strong>p.</strong></span> <span class='ocrx_word' id='word_1_107' title='bbox 1431 821 1495 851; x_wconf 80' lang='grc'><strong>457</strong></span> <span class='ocrx_word' id='word_1_108' title='bbox 1506 823 1530 859; x_wconf 88' lang='grc'><strong>).</strong></span> 
     </span>
    </p>
   </div>
   <div class='ocr_carea' id='block_1_3' title="bbox 360 889 1988 1496">
    <p class='ocr_par' dir='ltr' id='par_1_3' title="bbox 366 889 1987 978">
     <span class='ocr_line' id='line_1_11' title="bbox 491 889 1987 935; baseline 0.001 -13"><span class='ocrx_word' id='word_1_109' title='bbox 491 890 577 923; x_wconf 84' lang='lat' dir='ltr'><strong>Huic</strong></span> <span class='ocrx_word' id='word_1_110' title='bbox 606 899 711 923; x_wconf 89' lang='lat' dir='ltr'><strong>autem</strong></span> <span class='ocrx_word' id='word_1_111' title='bbox 741 890 838 922; x_wconf 88' lang='lat' dir='ltr'><strong>Iubae</strong></span> <span class='ocrx_word' id='word_1_112' title='bbox 868 889 975 933; x_wconf 80' lang='lat' dir='ltr'><strong>plnres</strong></span> <span class='ocrx_word' id='word_1_113' title='bbox 1004 902 1172 923; x_wconf 83' lang='lat' dir='ltr'><strong>numerum</strong></span> <span class='ocrx_word' id='word_1_114' title='bbox 1202 891 1373 924; x_wconf 70' lang='lat' dir='ltr'><strong>Numidiae</strong></span> <span class='ocrx_word' id='word_1_115' title='bbox 1403 893 1628 935; x_wconf 69' lang='lat' dir='ltr'><strong>inscriptorum</strong></span> <span class='ocrx_word' id='word_1_116' title='bbox 1656 891 1777 925; x_wconf 79' lang='lat' dir='ltr'><strong>classes</strong></span> <span class='ocrx_word' id='word_1_117' title='bbox 1799 892 1987 926; x_wconf 70' lang='lat' dir='ltr'><strong>tribuendae</strong></span> 
     </span>
     <span class='ocr_line' id='line_1_12' title="bbox 366 954 458 978; baseline 0 0"><span class='ocrx_word' id='word_1_118' title='bbox 366 954 458 978; x_wconf 88' lang='lat' dir='ltr'><strong>sunt:</strong></span> 
     </span>
    </p>

    <p class='ocr_par' dir='ltr' id='par_1_4' title="bbox 363 1003 1988 1271">
     <span class='ocr_line' id='line_1_13' title="bbox 493 1003 1988 1047; baseline 0.002 -12"><span class='ocrx_word' id='word_1_119' title='bbox 493 1007 522 1035; x_wconf 82' lang='grc'><strong>1.</strong></span> <span class='ocrx_word' id='word_1_120' title='bbox 569 1004 677 1046; x_wconf 76' lang='lat' dir='ltr'><strong>Caput</strong></span> <span class='ocrx_word' id='word_1_121' title='bbox 712 1007 805 1047; x_wconf 69' lang='lat' dir='ltr'><strong>regis</strong></span> <span class='ocrx_word' id='word_1_122' title='bbox 841 1003 1011 1035; x_wconf 68' lang='lat' dir='ltr'><strong>barbatum</strong></span> <span class='ocrx_word' id='word_1_123' title='bbox 1044 1004 1162 1036; x_wconf 60' lang='lat' dir='ltr'><strong>nudum</strong></span> <span class='ocrx_word' id='word_1_124' title='bbox 1201 1005 1246 1036; x_wconf 82' lang='lat' dir='ltr'><strong>ad</strong></span> <span class='ocrx_word' id='word_1_125' title='bbox 1280 1007 1342 1036; x_wconf 72' lang='lat' dir='ltr'><strong>ein.</strong></span> <span class='ocrx_word' id='word_1_126' title='bbox 1380 1005 1406 1046; x_wconf 88' lang='lat'><strong>)(</strong></span> <span class='ocrx_word' id='word_1_127' title='bbox 1448 1004 1560 1046; x_wconf 69' lang='lat' dir='ltr'><strong>Eques</strong></span> <span class='ocrx_word' id='word_1_128' title='bbox 1589 1015 1671 1047; x_wconf 75' lang='lat' dir='ltr'><strong>equo</strong></span> <span class='ocrx_word' id='word_1_129' title='bbox 1700 1005 1747 1037; x_wconf 81' lang='lat' dir='ltr'><strong>ad</strong></span> <span class='ocrx_word' id='word_1_130' title='bbox 1774 1006 1806 1038; x_wconf 83' lang='lat' dir='ltr'><strong>d.</strong></span> <span class='ocrx_word' id='word_1_131' title='bbox 1837 1008 1988 1038; x_wconf 64' lang='lat' dir='ltr'><strong>currem</strong></span> 
     </span>
     <span class='ocr_line' id='line_1_14' title="bbox 365 1058 1985 1104; baseline 0.002 -13"><span class='ocrx_word' id='word_1_132' title='bbox 365 1060 510 1092; x_wconf 66' lang='lat' dir='ltr'><strong>inridens</strong></span> <span class='ocrx_word' id='word_1_133' title='bbox 539 1064 612 1092; x_wconf 72' lang='lat' dir='ltr'><strong>cine</strong></span> <span class='ocrx_word' id='word_1_134' title='bbox 642 1060 797 1103; x_wconf 70' lang='lat' dir='ltr'><strong>ephippio</strong></span> <span class='ocrx_word' id='word_1_135' title='bbox 830 1064 863 1091; x_wconf 85' lang='lat' dir='ltr'><strong>et</strong></span> <span class='ocrx_word' id='word_1_136' title='bbox 882 1059 989 1098; x_wconf 73' lang='lat' dir='ltr'><strong>frem</strong></span> <span class='ocrx_word' id='word_1_137' title='bbox 1025 1060 1087 1102; x_wconf 85' lang='lat' dir='ltr'><strong>(de</strong></span> <span class='ocrx_word' id='word_1_138' title='bbox 1118 1058 1267 1092; x_wconf 78' lang='lat' dir='ltr'><strong>Numidis</strong></span> <span class='ocrx_word' id='word_1_139' title='bbox 1299 1059 1385 1092; x_wconf 87' lang='lat' dir='ltr'><strong>hunc</strong></span> <span class='ocrx_word' id='word_1_140' title='bbox 1413 1061 1446 1092; x_wconf 92' lang='lat' dir='ltr'><strong>in</strong></span> <span class='ocrx_word' id='word_1_141' title='bbox 1475 1061 1603 1093; x_wconf 88' lang='lat' dir='ltr'><strong>modum</strong></span> <span class='ocrx_word' id='word_1_142' title='bbox 1625 1072 1708 1104; x_wconf 91' lang='lat' dir='ltr'><strong>equo</strong></span> <span class='ocrx_word' id='word_1_143' title='bbox 1733 1061 1806 1094; x_wconf 85' lang='lat' dir='ltr'><strong>vehi</strong></span> <span class='ocrx_word' id='word_1_144' title='bbox 1827 1058 1932 1094; x_wconf 71' lang='lat' dir='ltr'><strong>solitis</strong></span> <span class='ocrx_word' id='word_1_145' title='bbox 1954 1071 1985 1094; x_wconf 86' lang='lat' dir='ltr'><strong>v.</strong></span> 
     </span>
     <span class='ocr_line' id='line_1_15' title="bbox 364 1107 1984 1160; baseline 0.002 -13"><span class='ocrx_word' id='word_1_146' title='bbox 364 1115 512 1148; x_wconf 73' lang='lat' dir='ltr'><strong>strabon.</strong></span> <span class='ocrx_word' id='word_1_147' title='bbox 546 1116 630 1148; x_wconf 85' lang='lat' dir='ltr'><strong>XVI</strong></span> <span class='ocrx_word' id='word_1_148' title='bbox 661 1128 692 1159; x_wconf 90' lang='lat' dir='ltr'><strong>p.</strong></span> <span class='ocrx_word' id='word_1_149' title='bbox 721 1115 816 1157; x_wconf 86' lang='grc'><strong>828).</strong></span> <span class='ocrx_word' id='word_1_150' title='bbox 859 1115 947 1148; x_wconf 82' lang='lat' dir='ltr'><strong>Infra</strong></span> <span class='ocrx_word' id='word_1_151' title='bbox 981 1115 1155 1158; x_wconf 82' lang='lat' dir='ltr'><strong>epigraphe</strong></span> <span class='ocrx_word' id='word_1_152' title='bbox 1187 1126 1303 1147; x_wconf 84' lang='lat' dir='ltr'><strong>novem</strong></span> <span class='ocrx_word' id='word_1_153' title='bbox 1335 1107 1531 1155; x_wconf 77' lang='lat' dir='ltr'><strong>litterarum,</strong></span> <span class='ocrx_word' id='word_1_154' title='bbox 1573 1128 1667 1160; x_wconf 87' lang='lat' dir='ltr'><strong>quam</strong></span> <span class='ocrx_word' id='word_1_155' title='bbox 1701 1127 1774 1149; x_wconf 86' lang='lat' dir='ltr'><strong>ante</strong></span> <span class='ocrx_word' id='word_1_156' title='bbox 1803 1129 1862 1151; x_wconf 76' lang='lat' dir='ltr'><strong>noa</strong></span> <span class='ocrx_word' id='word_1_157' title='bbox 1890 1128 1984 1151; x_wconf 82' lang='lat' dir='ltr'><strong>nemo</strong></span> 
     </span>
     <span class='ocr_line' id='line_1_16' title="bbox 363 1171 1983 1215; baseline 0.002 -12"><span class='ocrx_word' id='word_1_158' title='bbox 363 1173 588 1214; x_wconf 83' lang='lat' dir='ltr'><strong>interpretatus</strong></span> <span class='ocrx_word' id='word_1_159' title='bbox 618 1180 666 1204; x_wconf 82' lang='lat' dir='ltr'><strong>est</strong></span> <span class='ocrx_word' id='word_1_160' title='bbox 696 1173 746 1214; x_wconf 84' lang='lat' dir='ltr'><strong>(v.</strong></span> <span class='ocrx_word' id='word_1_161' title='bbox 770 1171 930 1215; x_wconf 88' lang='lat' dir='ltr'><strong>palaeogr.</strong></span> <span class='ocrx_word' id='word_1_162' title='bbox 960 1171 1093 1204; x_wconf 86' lang='lat' dir='ltr'><strong>Studien</strong></span> <span class='ocrx_word' id='word_1_163' title='bbox 1116 1182 1146 1214; x_wconf 91' lang='lat' dir='ltr'><strong>p.</strong></span> <span class='ocrx_word' id='word_1_164' title='bbox 1172 1172 1265 1213; x_wconf 89' lang='grc'>100).</span> <span class='ocrx_word' id='word_1_165' title='bbox 1310 1171 1394 1204; x_wconf 85' lang='lat' dir='ltr'><strong>Vide</strong></span> <span class='ocrx_word' id='word_1_166' title='bbox 1423 1171 1487 1205; x_wconf 84' lang='lat' dir='ltr'><strong>litt.</strong></span> <span class='ocrx_word' id='word_1_167' title='bbox 1519 1173 1566 1211; x_wconf 78' lang='lat' dir='ltr'><strong>A,</strong></span> <span class='ocrx_word' id='word_1_168' title='bbox 1595 1183 1639 1205; x_wconf 87' lang='lat' dir='ltr'><strong>ex</strong></span> <span class='ocrx_word' id='word_1_169' title='bbox 1667 1173 1983 1207; x_wconf 69' lang='lat' dir='ltr'><strong>Falbii&#39;recherehen</strong></span> 
     </span>
     <span class='ocr_line' id='line_1_17' title="bbox 364 1216 882 1271; baseline 0.004 -11"><span class='ocrx_word' id='word_1_170' title='bbox 364 1228 406 1271; x_wconf 90' lang='lat' dir='ltr'><strong>pl.</strong></span> <span class='ocrx_word' id='word_1_171' title='bbox 434 1229 491 1268; x_wconf 88' lang='lat' dir='ltr'><strong>VI,</strong></span> <span class='ocrx_word' id='word_1_172' title='bbox 515 1240 569 1261; x_wconf 91' lang='lat' dir='ltr'><strong>no.</strong></span> <span class='ocrx_word' id='word_1_173' title='bbox 588 1234 619 1261; x_wconf 83' lang='lat'><strong>4.</strong></span> <span class='ocrx_word' id='word_1_174' title='bbox 875 1216 882 1223; x_wconf 34' lang='grc' dir='ltr'><strong><em>ι</em></strong></span> 
     </span>
    </p>

    <p class='ocr_par' dir='ltr' id='par_1_5' title="bbox 360 1272 1985 1496">
     <span class='ocr_line' id='line_1_18' title="bbox 494 1272 1985 1329; baseline 0.002 -12"><span class='ocrx_word' id='word_1_175' title='bbox 494 1285 601 1328; x_wconf 78' lang='lat' dir='ltr'><strong>Caput</strong></span> <span class='ocrx_word' id='word_1_176' title='bbox 632 1288 724 1327; x_wconf 67' lang='lat' dir='ltr'><strong>regit</strong></span> <span class='ocrx_word' id='word_1_177' title='bbox 751 1283 921 1316; x_wconf 63' lang='lat' dir='ltr'><strong>barbatum</strong></span> <span class='ocrx_word' id='word_1_178' title='bbox 949 1283 1168 1316; x_wconf 65' lang='lat' dir='ltr'><strong>diadematum</strong></span> <span class='ocrx_word' id='word_1_179' title='bbox 1196 1284 1242 1316; x_wconf 84' lang='lat' dir='ltr'><strong>ad</strong></span> <span class='ocrx_word' id='word_1_180' title='bbox 1270 1287 1329 1316; x_wconf 71' lang='grc' dir='ltr'><strong>εἰη.</strong></span> <span class='ocrx_word' id='word_1_181' title='bbox 1366 1285 1394 1326; x_wconf 94' lang='grc'><strong>)(</strong></span> <span class='ocrx_word' id='word_1_182' title='bbox 1435 1284 1547 1328; x_wconf 70' lang='lat' dir='ltr'><strong>Eques</strong></span> <span class='ocrx_word' id='word_1_183' title='bbox 1571 1272 1656 1329; x_wconf 57' lang='lat' dir='ltr'><strong>‘equo</strong></span> <span class='ocrx_word' id='word_1_184' title='bbox 1685 1286 1731 1318; x_wconf 78' lang='lat' dir='ltr'><strong>ad</strong></span> <span class='ocrx_word' id='word_1_185' title='bbox 1749 1289 1812 1319; x_wconf 69' lang='lat' dir='ltr'><strong>ein.</strong></span> <span class='ocrx_word' id='word_1_186' title='bbox 1835 1290 1985 1321; x_wconf 71' lang='lat' dir='ltr'><strong>currem</strong></span> 
     </span>
     <span class='ocr_line' id='line_1_19' title="bbox 362 1338 1983 1386; baseline 0.002 -13"><span class='ocrx_word' id='word_1_187' title='bbox 362 1341 518 1373; x_wconf 66' lang='lat' dir='ltr'><strong>insidens.</strong></span> <span class='ocrx_word' id='word_1_188' title='bbox 551 1341 672 1372; x_wconf 86' lang='lat' dir='ltr'><strong>Eadem</strong></span> <span class='ocrx_word' id='word_1_189' title='bbox 686 1339 872 1383; x_wconf 82' lang='lat' dir='ltr'><strong>epigraphe.</strong></span> <span class='ocrx_word' id='word_1_190' title='bbox 908 1339 993 1372; x_wconf 90' lang='lat' dir='ltr'><strong>Vide</strong></span> <span class='ocrx_word' id='word_1_191' title='bbox 1014 1339 1074 1372; x_wconf 90' lang='lat' dir='ltr'><strong>litt.</strong></span> <span class='ocrx_word' id='word_1_192' title='bbox 1099 1339 1136 1372; x_wconf 87' lang='lat' dir='ltr'><strong>B.</strong></span> <span class='ocrx_word' id='word_1_193' title='bbox 1172 1339 1272 1372; x_wconf 85' lang='lat' dir='ltr'><strong>Falbe</strong></span> <span class='ocrx_word' id='word_1_194' title='bbox 1293 1339 1315 1372; x_wconf 92' lang='lat' dir='ltr'><strong>l.</strong></span> <span class='ocrx_word' id='word_1_195' title='bbox 1337 1351 1364 1372; x_wconf 89' lang='lat' dir='ltr'><strong>c.</strong></span> <span class='ocrx_word' id='word_1_196' title='bbox 1389 1351 1438 1372; x_wconf 86' lang='lat' dir='ltr'><strong>no.</strong></span> <span class='ocrx_word' id='word_1_197' title='bbox 1462 1344 1492 1374; x_wconf 83' lang='lat'><strong>5.</strong></span> <span class='ocrx_word' id='word_1_198' title='bbox 1538 1341 1715 1386; x_wconf 72' lang='lat' dir='ltr'><strong>Descripsit</strong></span> <span class='ocrx_word' id='word_1_199' title='bbox 1737 1353 1866 1376; x_wconf 70' lang='lat' dir='ltr'><strong>aurnum</strong></span> <span class='ocrx_word' id='word_1_200' title='bbox 1885 1338 1983 1376; x_wconf 78' lang='lat' dir='ltr'><strong>etiam</strong></span> 
     </span>
     <span class='ocr_line' id='line_1_20' title="bbox 360 1395 1980 1443; baseline 0.003 -15"><span class='ocrx_word' id='word_1_201' title='bbox 360 1396 548 1429; x_wconf 88' lang='lat' dir='ltr'><strong>Mionnetus</strong></span> <span class='ocrx_word' id='word_1_202' title='bbox 578 1398 682 1438; x_wconf 89' lang='lat' dir='ltr'><strong>(inter</strong></span> <span class='ocrx_word' id='word_1_203' title='bbox 709 1396 855 1438; x_wconf 81' lang='lat' dir='ltr'><strong>Siculos)</strong></span> <span class='ocrx_word' id='word_1_204' title='bbox 891 1395 931 1428; x_wconf 84' lang='lat' dir='ltr'><strong>T.</strong></span> <span class='ocrx_word' id='word_1_205' title='bbox 963 1396 978 1428; x_wconf 92' lang='lat'>1</span> <span class='ocrx_word' id='word_1_206' title='bbox 1007 1408 1037 1440; x_wconf 89' lang='lat' dir='ltr'><strong>p.</strong></span> <span class='ocrx_word' id='word_1_207' title='bbox 1068 1399 1129 1430; x_wconf 84' lang='grc'><strong>273</strong></span> <span class='ocrx_word' id='word_1_208' title='bbox 1159 1408 1213 1429; x_wconf 89' lang='lat' dir='ltr'><strong>no.</strong></span> <span class='ocrx_word' id='word_1_209' title='bbox 1243 1400 1304 1430; x_wconf 81' lang='lat'><strong>548</strong></span> <span class='ocrx_word' id='word_1_210' title='bbox 1335 1398 1468 1441; x_wconf 71' lang='lat' dir='ltr'><strong>eiusque</strong></span> <span class='ocrx_word' id='word_1_211' title='bbox 1501 1398 1698 1443; x_wconf 83' lang='lat' dir='ltr'><strong>epigraphen</strong></span> <span class='ocrx_word' id='word_1_212' title='bbox 1728 1400 1815 1432; x_wconf 89' lang='lat' dir='ltr'><strong>dedit</strong></span> <span class='ocrx_word' id='word_1_213' title='bbox 1842 1398 1887 1443; x_wconf 81' lang='lat' dir='ltr'><strong>pl.</strong></span> <span class='ocrx_word' id='word_1_214' title='bbox 1912 1399 1980 1433; x_wconf 84' lang='lat' dir='ltr'><strong>XX</strong></span> 
     </span>
     <span class='ocr_line' id='line_1_21' title="bbox 362 1451 992 1496; baseline -0.002 -11"><span class='ocrx_word' id='word_1_215' title='bbox 362 1463 415 1485; x_wconf 76' lang='lat' dir='ltr'><strong>no,</strong></span> <span class='ocrx_word' id='word_1_216' title='bbox 439 1456 498 1492; x_wconf 82' lang='lat'><strong>49,</strong></span> <span class='ocrx_word' id='word_1_217' title='bbox 529 1465 620 1496; x_wconf 91' lang='lat' dir='ltr'><strong>quam</strong></span> <span class='ocrx_word' id='word_1_218' title='bbox 644 1454 849 1496; x_wconf 84' lang='lat' dir='ltr'><strong>repetivimus</strong></span> <span class='ocrx_word' id='word_1_219' title='bbox 871 1451 931 1485; x_wconf 90' lang='lat' dir='ltr'><strong>litt.</strong></span> <span class='ocrx_word' id='word_1_220' title='bbox 955 1451 992 1484; x_wconf 91' lang='lat' dir='ltr'><strong>C.</strong></span> 
     </span>
    </p>
   </div>
   <div class='ocr_carea' id='block_1_4' title="bbox 487 1508 2029 1563">
    <p class='ocr_par' dir='ltr' id='par_1_6' title="bbox 487 1508 2029 1563">
     <span class='ocr_line' id='line_1_22' title="bbox 487 1508 2029 1563; baseline 0.003 -23"><span class='ocrx_word' id='word_1_221' title='bbox 487 1508 522 1540; x_wconf 87' lang='lat' dir='ltr'><strong>In</strong></span> <span class='ocrx_word' id='word_1_222' title='bbox 538 1509 712 1552; x_wconf 82' lang='lat' dir='ltr'><strong>epigraphe</strong></span> <span class='ocrx_word' id='word_1_223' title='bbox 733 1509 924 1541; x_wconf 88' lang='lat' dir='ltr'><strong>delineanda</strong></span> <span class='ocrx_word' id='word_1_224' title='bbox 943 1516 1070 1552; x_wconf 90' lang='lat' dir='ltr'><strong>propter</strong></span> <span class='ocrx_word' id='word_1_225' title='bbox 1088 1510 1240 1542; x_wconf 83' lang='lat' dir='ltr'><strong>eximiam</strong></span> <span class='ocrx_word' id='word_1_226' title='bbox 1262 1509 1438 1543; x_wconf 88' lang='lat' dir='ltr'><strong>litterarum</strong></span> <span class='ocrx_word' id='word_1_227' title='bbox 1457 1512 1644 1554; x_wconf 85' lang='lat' dir='ltr'><strong>parvitatem</strong></span> <span class='ocrx_word' id='word_1_228' title='bbox 1666 1511 1771 1545; x_wconf 82' lang='lat' dir='ltr'><strong>facilis</strong></span> <span class='ocrx_word' id='word_1_229' title='bbox 1793 1519 1863 1545; x_wconf 87' lang='lat' dir='ltr'><strong>erat</strong></span> <span class='ocrx_word' id='word_1_230' title='bbox 1883 1508 1981 1563; x_wconf 76' lang='lat' dir='ltr'><strong>error.</strong></span> <span class='ocrx_word' id='word_1_231' title='bbox 2024 1516 2029 1526; x_wconf 94' lang='lat'><em>&#39;</em></span> 
     </span>
    </p>
   </div>
   <div class='ocr_carea' id='block_1_5' title="bbox 359 1564 1982 1948">
    <p class='ocr_par' dir='ltr' id='par_1_7' title="bbox 359 1564 1982 1948">
     <span class='ocr_line' id='line_1_23' title="bbox 360 1564 1979 1612; baseline 0.002 -15"><span class='ocrx_word' id='word_1_232' title='bbox 360 1564 465 1604; x_wconf 84' lang='lat' dir='ltr'><strong>Quam</strong></span> <span class='ocrx_word' id='word_1_233' title='bbox 481 1566 583 1608; x_wconf 85' lang='lat' dir='ltr'><strong>ipsam</strong></span> <span class='ocrx_word' id='word_1_234' title='bbox 600 1565 641 1597; x_wconf 90' lang='lat' dir='ltr'><strong>ob</strong></span> <span class='ocrx_word' id='word_1_235' title='bbox 657 1576 784 1597; x_wconf 86' lang='lat' dir='ltr'><strong>causam</strong></span> <span class='ocrx_word' id='word_1_236' title='bbox 800 1565 895 1597; x_wconf 85' lang='lat' dir='ltr'><strong>lectio</strong></span> <span class='ocrx_word' id='word_1_237' title='bbox 909 1564 1086 1607; x_wconf 90' lang='lat' dir='ltr'><strong>paullulum</strong></span> <span class='ocrx_word' id='word_1_238' title='bbox 1101 1565 1198 1597; x_wconf 89' lang='lat' dir='ltr'><strong>dubia</strong></span> <span class='ocrx_word' id='word_1_239' title='bbox 1214 1573 1273 1606; x_wconf 84' lang='lat' dir='ltr'><strong>est,</strong></span> <span class='ocrx_word' id='word_1_240' title='bbox 1296 1566 1465 1610; x_wconf 84' lang='lat' dir='ltr'><strong>nobisque,</strong></span> <span class='ocrx_word' id='word_1_241' title='bbox 1488 1569 1542 1611; x_wconf 91' lang='lat' dir='ltr'><strong>qui</strong></span> <span class='ocrx_word' id='word_1_242' title='bbox 1556 1567 1678 1600; x_wconf 89' lang='lat' dir='ltr'><strong>nullum</strong></span> <span class='ocrx_word' id='word_1_243' title='bbox 1694 1570 1781 1600; x_wconf 89' lang='lat' dir='ltr'><strong>numi</strong></span> <span class='ocrx_word' id='word_1_244' title='bbox 1796 1567 1979 1612; x_wconf 87' lang='lat' dir='ltr'><strong>exemplum</strong></span> 
     </span>
     <span class='ocr_line' id='line_1_24' title="bbox 360 1616 1977 1668; baseline 0.002 -15"><span class='ocrx_word' id='word_1_245' title='bbox 360 1622 516 1661; x_wconf 87' lang='lat' dir='ltr'><strong>vidimus,</strong></span> <span class='ocrx_word' id='word_1_246' title='bbox 539 1632 581 1654; x_wconf 87' lang='lat' dir='ltr'><strong>ex</strong></span> <span class='ocrx_word' id='word_1_247' title='bbox 596 1623 685 1653; x_wconf 87' lang='lat' dir='ltr'><strong>varia</strong></span> <span class='ocrx_word' id='word_1_248' title='bbox 700 1623 793 1653; x_wconf 91' lang='lat' dir='ltr'><strong>trium</strong></span> <span class='ocrx_word' id='word_1_249' title='bbox 810 1622 1031 1665; x_wconf 86' lang='lat' dir='ltr'><strong>exemplorum</strong></span> <span class='ocrx_word' id='word_1_250' title='bbox 1046 1623 1205 1666; x_wconf 86' lang='lat' dir='ltr'><strong>scriptura</strong></span> <span class='ocrx_word' id='word_1_251' title='bbox 1222 1629 1389 1654; x_wconf 87' lang='lat' dir='ltr'><strong>contextus</strong></span> <span class='ocrx_word' id='word_1_252' title='bbox 1406 1623 1646 1655; x_wconf 80' lang='lat' dir='ltr'><strong>constituendus</strong></span> <span class='ocrx_word' id='word_1_253' title='bbox 1659 1631 1717 1656; x_wconf 88' lang='lat' dir='ltr'><strong>est.</strong></span> <span class='ocrx_word' id='word_1_254' title='bbox 1761 1622 1834 1662; x_wconf 79' lang='lat' dir='ltr'><strong>Qua</strong></span> <span class='ocrx_word' id='word_1_255' title='bbox 1850 1616 1977 1668; x_wconf 81' lang='lat' dir='ltr'><strong>quidem</strong></span> 
     </span>
     <span class='ocr_line' id='line_1_25' title="bbox 360 1677 1979 1724; baseline 0.002 -15"><span class='ocrx_word' id='word_1_256' title='bbox 360 1679 391 1709; x_wconf 93' lang='lat' dir='ltr'><strong>in</strong></span> <span class='ocrx_word' id='word_1_257' title='bbox 417 1689 451 1709; x_wconf 94' lang='lat' dir='ltr'><strong>re</strong></span> <span class='ocrx_word' id='word_1_258' title='bbox 471 1677 533 1710; x_wconf 83' lang='lat' dir='ltr'><strong>hoc</strong></span> <span class='ocrx_word' id='word_1_259' title='bbox 556 1679 769 1710; x_wconf 66' lang='lat' dir='ltr'><strong>certissimum</strong></span> <span class='ocrx_word' id='word_1_260' title='bbox 791 1686 857 1718; x_wconf 90' lang='lat' dir='ltr'><strong>est,</strong></span> <span class='ocrx_word' id='word_1_261' title='bbox 895 1686 1045 1722; x_wconf 87' lang='lat' dir='ltr'><strong>quattuor</strong></span> <span class='ocrx_word' id='word_1_262' title='bbox 1074 1677 1198 1711; x_wconf 75' lang='lat' dir='ltr'><strong>litteras</strong></span> <span class='ocrx_word' id='word_1_263' title='bbox 1224 1687 1404 1719; x_wconf 83' lang='lat' dir='ltr'><strong>extremas,</strong></span> <span class='ocrx_word' id='word_1_264' title='bbox 1441 1691 1522 1722; x_wconf 87' lang='lat' dir='ltr'><strong>quae</strong></span> <span class='ocrx_word' id='word_1_265' title='bbox 1549 1681 1582 1712; x_wconf 89' lang='lat' dir='ltr'><strong>in</strong></span> <span class='ocrx_word' id='word_1_266' title='bbox 1605 1679 1708 1713; x_wconf 88' lang='lat' dir='ltr'><strong>tribus</strong></span> <span class='ocrx_word' id='word_1_267' title='bbox 1730 1679 1888 1724; x_wconf 73' lang='lat' dir='ltr'><strong>exemplis</strong></span> <span class='ocrx_word' id='word_1_268' title='bbox 1910 1681 1979 1714; x_wconf 82' lang='lat' dir='ltr'><strong>fere</strong></span> 
     </span>
     <span class='ocr_line' id='line_1_26' title="bbox 359 1732 1982 1784; baseline 0.002 -18"><span class='ocrx_word' id='word_1_269' title='bbox 359 1735 489 1766; x_wconf 87' lang='lat' dir='ltr'><strong>eaedem</strong></span> <span class='ocrx_word' id='word_1_270' title='bbox 514 1742 606 1774; x_wconf 86' lang='lat' dir='ltr'><strong>sunt,</strong></span> <span class='ocrx_word' id='word_1_271' title='bbox 628 1733 781 1778; x_wconf 79' lang='lat' dir='ltr'><strong>legendas</strong></span> <span class='ocrx_word' id='word_1_272' title='bbox 804 1745 875 1767; x_wconf 80' lang='lat' dir='ltr'><strong>esse</strong></span> <span class='ocrx_word' id='word_1_273' title='bbox 898 1738 988 1770; x_wconf 60' lang='grc' dir='ltr'><strong>τιοὶν.)</strong></span> <span class='ocrx_word' id='word_1_274' title='bbox 1005 1735 1133 1784; x_wconf 63' lang='lat'><strong>(17:572)</strong></span> <span class='ocrx_word' id='word_1_275' title='bbox 1147 1746 1303 1778; x_wconf 69' lang='lat' dir='ltr'><strong>regnan:</strong></span> <span class='ocrx_word' id='word_1_276' title='bbox 1324 1735 1403 1768; x_wconf 77' lang='lat' dir='ltr'><strong>duas</strong></span> <span class='ocrx_word' id='word_1_277' title='bbox 1418 1737 1541 1778; x_wconf 78' lang='lat' dir='ltr'><strong>priores</strong></span> <span class='ocrx_word' id='word_1_278' title='bbox 1555 1737 1691 1779; x_wconf 85' lang='lat' dir='ltr'><strong>vestigia</strong></span> <span class='ocrx_word' id='word_1_279' title='bbox 1706 1735 1819 1780; x_wconf 80' lang='lat' dir='ltr'><strong>legens</strong></span> <span class='ocrx_word' id='word_1_280' title='bbox 1841 1732 1982 1780; x_wconf 76' lang='lat' dir='ltr'><strong>exempli</strong></span> 
     </span>
     <span class='ocr_line' id='line_1_27' title="bbox 360 1789 1980 1835; baseline 0.002 -13"><span class='ocrx_word' id='word_1_281' title='bbox 360 1790 386 1822; x_wconf 92' lang='lat' dir='ltr'>B</span> <span class='ocrx_word' id='word_1_282' title='bbox 414 1792 549 1822; x_wconf 84' lang='lat' dir='ltr'><strong>restituo</strong></span> <span class='ocrx_word' id='word_1_283' title='bbox 572 1792 617 1822; x_wconf 89' lang='lat' dir='ltr'><strong>ita</strong></span> <span class='ocrx_word' id='word_1_284' title='bbox 635 1798 670 1823; x_wconf 91' lang='lat' dir='ltr'><strong>ut</strong></span> <span class='ocrx_word' id='word_1_285' title='bbox 690 1790 753 1823; x_wconf 78' lang='lat' dir='ltr'><strong>feei</strong></span> <span class='ocrx_word' id='word_1_286' title='bbox 775 1789 836 1824; x_wconf 86' lang='lat' dir='ltr'><strong>litt.</strong></span> <span class='ocrx_word' id='word_1_287' title='bbox 859 1790 886 1823; x_wconf 94' lang='lat' dir='ltr'><strong>C</strong></span> <span class='ocrx_word' id='word_1_288' title='bbox 902 1791 952 1824; x_wconf 83' lang='lat' dir='ltr'><strong>bis</strong></span> <span class='ocrx_word' id='word_1_289' title='bbox 975 1793 1070 1834; x_wconf 88' lang='lat' dir='ltr'><strong>(nam</strong></span> <span class='ocrx_word' id='word_1_290' title='bbox 1088 1791 1149 1823; x_wconf 87' lang='lat' dir='ltr'><strong>hoc</strong></span> <span class='ocrx_word' id='word_1_291' title='bbox 1165 1791 1367 1835; x_wconf 88' lang='lat' dir='ltr'><strong>exemplum,</strong></span> <span class='ocrx_word' id='word_1_292' title='bbox 1397 1792 1481 1835; x_wconf 88' lang='lat' dir='ltr'><strong>quod</strong></span> <span class='ocrx_word' id='word_1_293' title='bbox 1498 1793 1589 1824; x_wconf 75' lang='lat' dir='ltr'><strong>unci·</strong></span> <span class='ocrx_word' id='word_1_294' title='bbox 1604 1791 1738 1833; x_wconf 87' lang='lat' dir='ltr'><strong>inclusi,</strong></span> <span class='ocrx_word' id='word_1_295' title='bbox 1766 1792 1980 1826; x_wconf 81' lang='lat' dir='ltr'><strong>coniecturale</strong></span> 
     </span>
     <span class='ocr_line' id='line_1_28' title="bbox 359 1847 1977 1915; baseline 0.003 -37"><span class='ocrx_word' id='word_1_296' title='bbox 359 1850 425 1886; x_wconf 83' lang='lat' dir='ltr'><strong>est)</strong></span> <span class='ocrx_word' id='word_1_297' title='bbox 456 1856 500 1879; x_wconf 74' lang='lat' dir='ltr'><strong>n:</strong></span> <span class='ocrx_word' id='word_1_298' title='bbox 524 1862 567 1876; x_wconf 93' lang='lat'>=</span> <span class='ocrx_word' id='word_1_299' title='bbox 589 1857 642 1890; x_wconf 62' lang='lat' dir='ltr'><strong>rra</strong></span> <span class='ocrx_word' id='word_1_300' title='bbox 682 1847 812 1879; x_wconf 71' lang='lat' dir='ltr'><strong>domun:</strong></span> <span class='ocrx_word' id='word_1_301' title='bbox 846 1849 953 1881; x_wconf 85' lang='lat' dir='ltr'><strong>media</strong></span> <span class='ocrx_word' id='word_1_302' title='bbox 981 1859 1046 1881; x_wconf 85' lang='lat' dir='ltr'><strong>vox</strong></span> <span class='ocrx_word' id='word_1_303' title='bbox 1079 1849 1114 1880; x_wconf 87' lang='lat' dir='ltr'><strong>in</strong></span> <span class='ocrx_word' id='word_1_304' title='bbox 1141 1847 1291 1891; x_wconf 85' lang='lat' dir='ltr'><strong>exemplo</strong></span> <span class='ocrx_word' id='word_1_305' title='bbox 1323 1847 1351 1880; x_wconf 92' lang='lat' dir='ltr'><strong>C</strong></span> <span class='ocrx_word' id='word_1_306' title='bbox 1379 1847 1549 1880; x_wconf 78' lang='lat' dir='ltr'><strong>manifesto</strong></span> <span class='ocrx_word' id='word_1_307' title='bbox 1571 1856 1621 1881; x_wconf 79' lang='lat' dir='ltr'><strong>est</strong></span> <span class='ocrx_word' id='word_1_308' title='bbox 1642 1857 1729 1894; x_wconf 63' lang='lat' dir='ltr'><strong>unp,</strong></span> <span class='ocrx_word' id='word_1_309' title='bbox 1763 1850 1848 1893; x_wconf 89' lang='lat' dir='ltr'><strong>quod</strong></span> <span class='ocrx_word' id='word_1_310' title='bbox 1870 1851 1977 1915; x_wconf 74' lang='lat' dir='ltr'><strong>ipsum</strong></span> 
     </span>
     <span class='ocr_line' id='line_1_29' title="bbox 359 1902 1273 1948; baseline 0.003 -15"><span class='ocrx_word' id='word_1_311' title='bbox 359 1902 524 1945; x_wconf 87' lang='lat' dir='ltr'><strong>probabile</strong></span> <span class='ocrx_word' id='word_1_312' title='bbox 547 1910 595 1934; x_wconf 87' lang='lat' dir='ltr'><strong>est</strong></span> <span class='ocrx_word' id='word_1_313' title='bbox 617 1905 648 1934; x_wconf 92' lang='lat' dir='ltr'><strong>in</strong></span> <span class='ocrx_word' id='word_1_314' title='bbox 672 1903 732 1936; x_wconf 91' lang='lat' dir='ltr'><strong>litt.</strong></span> <span class='ocrx_word' id='word_1_315' title='bbox 755 1903 793 1935; x_wconf 86' lang='lat' dir='ltr'><strong>A.</strong></span> <span class='ocrx_word' id='word_1_316' title='bbox 816 1904 854 1936; x_wconf 88' lang='grc' dir='ltr'><strong>Β.</strong></span> <span class='ocrx_word' id='word_1_317' title='bbox 899 1904 948 1937; x_wconf 85' lang='lat' dir='ltr'><strong>Ita</strong></span> <span class='ocrx_word' id='word_1_318' title='bbox 970 1905 1077 1948; x_wconf 89' lang='lat' dir='ltr'><strong>prodit</strong></span> <span class='ocrx_word' id='word_1_319' title='bbox 1099 1904 1273 1948; x_wconf 84' lang='lat' dir='ltr'><strong>epigraphe</strong></span> 
     </span>
    </p>
   </div>
   <div class='ocr_carea' id='block_1_6' title="bbox 837 1978 1481 2163">
    <p class='ocr_par' dir='ltr' id='par_1_8' title="bbox 837 1978 1481 2163">
     <span class='ocr_line' id='line_1_30' title="bbox 1034 1978 1285 2020; baseline -0.004 -10"><span class='ocrx_word' id='word_1_320' title='bbox 1034 1978 1124 2011; x_wconf 65' lang='lat' dir='ltr'><strong>mbr:</strong></span> <span class='ocrx_word' id='word_1_321' title='bbox 1149 1985 1217 2020; x_wconf 66' lang='lat' dir='ltr'><strong>arip</strong></span> <span class='ocrx_word' id='word_1_322' title='bbox 1240 1984 1285 2010; x_wconf 74' lang='lat' dir='ltr'><strong>n:</strong></span> 
     </span>
     <span class='ocr_line' id='line_1_31' title="bbox 1007 2045 1285 2092; baseline 0 -15"><span class='ocrx_word' id='word_1_323' title='bbox 1007 2045 1113 2092; x_wconf 65' lang='lat' dir='ltr'><strong>naz⁷373</strong></span> <span class='ocrx_word' id='word_1_324' title='bbox 1137 2052 1205 2090; x_wconf 51' lang='lat'><strong>0333</strong></span> <span class='ocrx_word' id='word_1_325' title='bbox 1227 2054 1285 2087; x_wconf 61' lang='lat' dir='ltr'><strong>ma</strong></span> 
     </span>
     <span class='ocr_line' id='line_1_32' title="bbox 837 2119 1481 2163; baseline 0.003 -12"><span class='ocrx_word' id='word_1_326' title='bbox 837 2120 860 2151; x_wconf 86' lang='lat' dir='ltr'><strong>i.</strong></span> <span class='ocrx_word' id='word_1_327' title='bbox 885 2130 913 2152; x_wconf 89' lang='lat' dir='ltr'><strong>e.</strong></span> <span class='ocrx_word' id='word_1_328' title='bbox 946 2119 997 2152; x_wconf 80' lang='lat' dir='ltr'><strong>vel</strong></span> <span class='ocrx_word' id='word_1_329' title='bbox 1024 2121 1134 2152; x_wconf 74' lang='lat' dir='ltr'><strong>domm</strong></span> <span class='ocrx_word' id='word_1_330' title='bbox 1151 2124 1316 2163; x_wconf 80' lang='lat' dir='ltr'><strong>perpetua</strong></span> <span class='ocrx_word' id='word_1_331' title='bbox 1339 2123 1481 2163; x_wconf 72' lang='lat' dir='ltr'><strong>imperii,</strong></span> 
     </span>
    </p>
   </div>
   <div class='ocr_carea' id='block_1_7' title="bbox 858 2187 1458 2230">
    <p class='ocr_par' dir='ltr' id='par_1_9' title="bbox 858 2187 1458 2230">
     <span class='ocr_line' id='line_1_33' title="bbox 858 2187 1458 2230; baseline 0.003 -12"><span class='ocrx_word' id='word_1_332' title='bbox 858 2187 909 2219; x_wconf 86' lang='lat' dir='ltr'><strong>vel</strong></span> <span class='ocrx_word' id='word_1_333' title='bbox 939 2188 1048 2220; x_wconf 73' lang='lat' dir='ltr'><strong>domus</strong></span> <span class='ocrx_word' id='word_1_334' title='bbox 1070 2193 1258 2220; x_wconf 65' lang='lat' dir='ltr'><strong>sustentans</strong></span> <span class='ocrx_word' id='word_1_335' title='bbox 1280 2191 1458 2230; x_wconf 73' lang='lat' dir='ltr'><strong>imperium,</strong></span> 
     </span>
    </p>
   </div>
   <div class='ocr_carea' id='block_1_8' title="bbox 354 2263 1973 2645">
    <p class='ocr_par' dir='ltr' id='par_1_10' title="bbox 354 2263 1973 2645">
     <span class='ocr_line' id='line_1_34' title="bbox 357 2263 1972 2310; baseline 0.004 -17"><span class='ocrx_word' id='word_1_336' title='bbox 357 2268 451 2304; x_wconf 88' lang='lat' dir='ltr'><strong>prout</strong></span> <span class='ocrx_word' id='word_1_337' title='bbox 471 2270 556 2304; x_wconf 64' lang='grc' dir='ltr'><strong>ιιι-πρ,</strong></span> <span class='ocrx_word' id='word_1_338' title='bbox 588 2263 672 2304; x_wconf 87' lang='lat' dir='ltr'><strong>quod</strong></span> <span class='ocrx_word' id='word_1_339' title='bbox 696 2273 759 2294; x_wconf 91' lang='lat' dir='ltr'><strong>non</strong></span> <span class='ocrx_word' id='word_1_340' title='bbox 782 2271 886 2305; x_wconf 87' lang='lat' dir='ltr'><strong>potest</strong></span> <span class='ocrx_word' id='word_1_341' title='bbox 909 2275 971 2296; x_wconf 91' lang='lat' dir='ltr'><strong>non</strong></span> <span class='ocrx_word' id='word_1_342' title='bbox 995 2273 1075 2308; x_wconf 85' lang='lat' dir='ltr'><strong>part.</strong></span> <span class='ocrx_word' id='word_1_343' title='bbox 1100 2272 1161 2297; x_wconf 87' lang='lat' dir='ltr'><strong>act.</strong></span> <span class='ocrx_word' id='word_1_344' title='bbox 1186 2275 1335 2296; x_wconf 88' lang='lat' dir='ltr'><strong>aramaeo</strong></span> <span class='ocrx_word' id='word_1_345' title='bbox 1365 2275 1452 2296; x_wconf 89' lang='lat' dir='ltr'><strong>more</strong></span> <span class='ocrx_word' id='word_1_346' title='bbox 1474 2263 1645 2297; x_wconf 84' lang='lat' dir='ltr'><strong>formatum</strong></span> <span class='ocrx_word' id='word_1_347' title='bbox 1667 2275 1738 2298; x_wconf 81' lang='lat' dir='ltr'><strong>esse</strong></span> <span class='ocrx_word' id='word_1_348' title='bbox 1760 2277 1780 2297; x_wconf 87' lang='lat' dir='ltr'><strong>a</strong></span> <span class='ocrx_word' id='word_1_349' title='bbox 1801 2265 1869 2296; x_wconf 87' lang='lat' dir='ltr'><strong>rad.</strong></span> <span class='ocrx_word' id='word_1_350' title='bbox 1895 2274 1972 2310; x_wconf 72' lang='lat' dir='ltr'><strong>mp,</strong></span> 
     </span>
     <span class='ocr_line' id='line_1_35' title="bbox 354 2307 1972 2363; baseline 0.003 -14"><span class='ocrx_word' id='word_1_351' title='bbox 354 2317 407 2349; x_wconf 88' lang='lat' dir='ltr'><strong>vel</strong></span> <span class='ocrx_word' id='word_1_352' title='bbox 429 2317 554 2361; x_wconf 88' lang='lat' dir='ltr'><strong>vulgari</strong></span> <span class='ocrx_word' id='word_1_353' title='bbox 575 2317 756 2360; x_wconf 80' lang='lat' dir='ltr'><strong>significatu</strong></span> <span class='ocrx_word' id='word_1_354' title='bbox 779 2320 979 2353; x_wconf 84' lang='lat' dir='ltr'><strong>intransitivo</strong></span> <span class='ocrx_word' id='word_1_355' title='bbox 1002 2323 1138 2363; x_wconf 71' lang='lat' dir='ltr'><strong>accipin,</strong></span> <span class='ocrx_word' id='word_1_356' title='bbox 1171 2320 1222 2352; x_wconf 90' lang='lat' dir='ltr'><strong>vel</strong></span> <span class='ocrx_word' id='word_1_357' title='bbox 1243 2322 1444 2352; x_wconf 87' lang='lat' dir='ltr'><strong>transitivum</strong></span> <span class='ocrx_word' id='word_1_358' title='bbox 1466 2322 1497 2351; x_wconf 90' lang='lat' dir='ltr'><strong>ei</strong></span> <span class='ocrx_word' id='word_1_359' title='bbox 1519 2321 1634 2353; x_wconf 90' lang='lat' dir='ltr'><strong>tribuis</strong></span> <span class='ocrx_word' id='word_1_360' title='bbox 1662 2320 1757 2360; x_wconf 88' lang='lat' dir='ltr'><strong>(coll.</strong></span> <span class='ocrx_word' id='word_1_361' title='bbox 1780 2307 1850 2355; x_wconf 59' lang='lat' dir='ltr'><strong>:arf</strong></span> <span class='ocrx_word' id='word_1_362' title='bbox 1867 2323 1972 2354; x_wconf 86' lang='lat' dir='ltr'><strong>redire</strong></span> 
     </span>
     <span class='ocr_line' id='line_1_36' title="bbox 355 2374 1971 2418; baseline 0.004 -13"><span class='ocrx_word' id='word_1_363' title='bbox 355 2381 390 2405; x_wconf 85' lang='lat' dir='ltr'><strong>et</strong></span> <span class='ocrx_word' id='word_1_364' title='bbox 417 2375 440 2405; x_wconf 93' lang='lat' dir='ltr'><strong>i.</strong></span> <span class='ocrx_word' id='word_1_365' title='bbox 468 2385 496 2417; x_wconf 92' lang='lat' dir='ltr'><strong>q.</strong></span> <span class='ocrx_word' id='word_1_366' title='bbox 531 2374 585 2405; x_wconf 90' lang='lat' dir='ltr'><strong>Hi.</strong></span> <span class='ocrx_word' id='word_1_367' title='bbox 615 2374 791 2413; x_wconf 81' lang='lat' dir='ltr'><strong>reducere,</strong></span> <span class='ocrx_word' id='word_1_368' title='bbox 829 2378 913 2407; x_wconf 92' lang='lat' dir='ltr'><strong>unde</strong></span> <span class='ocrx_word' id='word_1_369' title='bbox 950 2377 1223 2409; x_wconf 83' lang='lat' dir='ltr'><strong>Samaritanorum</strong></span> <span class='ocrx_word' id='word_1_370' title='bbox 1257 2377 1396 2409; x_wconf 78' lang='lat' dir='ltr'><strong>Messias</strong></span> <span class='ocrx_word' id='word_1_371' title='bbox 1425 2385 1525 2411; x_wconf 62' lang='lat' dir='ltr'><strong>:imm-t</strong></span> <span class='ocrx_word' id='word_1_372' title='bbox 1555 2377 1659 2409; x_wconf 86' lang='lat' dir='ltr'><strong>dictus</strong></span> <span class='ocrx_word' id='word_1_373' title='bbox 1689 2378 1712 2409; x_wconf 89' lang='lat' dir='ltr'><strong>i.</strong></span> <span class='ocrx_word' id='word_1_374' title='bbox 1743 2387 1771 2408; x_wconf 91' lang='lat' dir='ltr'><strong>e.</strong></span> <span class='ocrx_word' id='word_1_375' title='bbox 1801 2378 1971 2418; x_wconf 76' lang='lat' dir='ltr'><strong>reducem,</strong></span> 
     </span>
     <span class='ocr_line' id='line_1_37' title="bbox 356 2431 1969 2476; baseline 0.003 -14"><span class='ocrx_word' id='word_1_376' title='bbox 356 2434 574 2471; x_wconf 64' lang='lat' dir='ltr'><strong>restituens),</strong></span> <span class='ocrx_word' id='word_1_377' title='bbox 614 2442 793 2474; x_wconf 89' lang='lat' dir='ltr'><strong>quanquam</strong></span> <span class='ocrx_word' id='word_1_378' title='bbox 817 2431 868 2462; x_wconf 89' lang='lat' dir='ltr'><strong>hic</strong></span> <span class='ocrx_word' id='word_1_379' title='bbox 889 2443 931 2463; x_wconf 86' lang='lat' dir='ltr'><strong>ex</strong></span> <span class='ocrx_word' id='word_1_380' title='bbox 953 2444 1012 2464; x_wconf 87' lang='lat' dir='ltr'><strong>usu</strong></span> <span class='ocrx_word' id='word_1_381' title='bbox 1034 2433 1076 2465; x_wconf 88' lang='lat' dir='ltr'><strong>V.</strong></span> <span class='ocrx_word' id='word_1_382' title='bbox 1099 2432 1138 2464; x_wconf 87' lang='grc' dir='ltr'><strong>Τ.</strong></span> <span class='ocrx_word' id='word_1_383' title='bbox 1161 2434 1291 2476; x_wconf 89' lang='lat' dir='ltr'><strong>probari</strong></span> <span class='ocrx_word' id='word_1_384' title='bbox 1315 2445 1378 2466; x_wconf 87' lang='lat' dir='ltr'><strong>non</strong></span> <span class='ocrx_word' id='word_1_385' title='bbox 1402 2440 1514 2476; x_wconf 81' lang='lat' dir='ltr'><strong>potest.</strong></span> <span class='ocrx_word' id='word_1_386' title='bbox 1558 2433 1628 2476; x_wconf 83' lang='lat' dir='ltr'><strong>Ego</strong></span> <span class='ocrx_word' id='word_1_387' title='bbox 1648 2432 1755 2476; x_wconf 85' lang='lat' dir='ltr'><strong>plures</strong></span> <span class='ocrx_word' id='word_1_388' title='bbox 1775 2434 1816 2466; x_wconf 95' lang='lat' dir='ltr'><strong>ob</strong></span> <span class='ocrx_word' id='word_1_389' title='bbox 1839 2445 1969 2467; x_wconf 76' lang='lat' dir='ltr'><strong>caussas</strong></span> 
     </span>
     <span class='ocr_line' id='line_1_38' title="bbox 357 2486 1968 2534; baseline 0.004 -16"><span class='ocrx_word' id='word_1_390' title='bbox 357 2488 443 2528; x_wconf 79' lang='lat' dir='ltr'><strong>priua</strong></span> <span class='ocrx_word' id='word_1_391' title='bbox 464 2486 685 2529; x_wconf 86' lang='lat' dir='ltr'><strong>praetulerim,</strong></span> <span class='ocrx_word' id='word_1_392' title='bbox 715 2498 818 2530; x_wconf 87' lang='lat' dir='ltr'><strong>neque</strong></span> <span class='ocrx_word' id='word_1_393' title='bbox 840 2498 913 2518; x_wconf 89' lang='lat' dir='ltr'><strong>rara</strong></span> <span class='ocrx_word' id='word_1_394' title='bbox 928 2495 1003 2519; x_wconf 85' lang='lat' dir='ltr'><strong>sunt</strong></span> <span class='ocrx_word' id='word_1_395' title='bbox 1018 2489 1166 2531; x_wconf 87' lang='lat' dir='ltr'><strong>exempla</strong></span> <span class='ocrx_word' id='word_1_396' title='bbox 1180 2491 1312 2531; x_wconf 82' lang='lat' dir='ltr'><strong>genitivi</strong></span> <span class='ocrx_word' id='word_1_397' title='bbox 1329 2491 1498 2532; x_wconf 83' lang='lat' dir='ltr'><strong>pendentis</strong></span> <span class='ocrx_word' id='word_1_398' title='bbox 1512 2500 1554 2522; x_wconf 90' lang='lat' dir='ltr'><strong>ex</strong></span> <span class='ocrx_word' id='word_1_399' title='bbox 1568 2491 1698 2521; x_wconf 86' lang='lat' dir='ltr'><strong>nomine</strong></span> <span class='ocrx_word' id='word_1_400' title='bbox 1713 2495 1861 2532; x_wconf 84' lang='lat' dir='ltr'><strong>regente,</strong></span> <span class='ocrx_word' id='word_1_401' title='bbox 1884 2493 1968 2534; x_wconf 88' lang='lat' dir='ltr'><strong>quod</strong></span> 
     </span>
     <span class='ocr_line' id='line_1_39' title="bbox 356 2543 1973 2592; baseline 0.004 -18"><span class='ocrx_word' id='word_1_402' title='bbox 356 2544 514 2575; x_wconf 85' lang='lat' dir='ltr'><strong>adiectivo</strong></span> <span class='ocrx_word' id='word_1_403' title='bbox 536 2546 693 2575; x_wconf 88' lang='lat' dir='ltr'><strong>munitum</strong></span> <span class='ocrx_word' id='word_1_404' title='bbox 716 2551 783 2583; x_wconf 86' lang='lat' dir='ltr'><strong>est,</strong></span> <span class='ocrx_word' id='word_1_405' title='bbox 814 2543 855 2576; x_wconf 81' lang='lat' dir='ltr'><strong>ef.</strong></span> <span class='ocrx_word' id='word_1_406' title='bbox 874 2544 939 2576; x_wconf 83' lang='lat' dir='ltr'><strong>Jes.</strong></span> <span class='ocrx_word' id='word_1_407' title='bbox 963 2546 1014 2582; x_wconf 83' lang='lat'><strong>36,</strong></span> <span class='ocrx_word' id='word_1_408' title='bbox 1036 2548 1071 2575; x_wconf 88' lang='lat'><strong>9:</strong></span> <span class='ocrx_word' id='word_1_409' title='bbox 1104 2550 1175 2592; x_wconf 49' lang='grc' dir='ltr'><strong>’.ἵης</strong></span> <span class='ocrx_word' id='word_1_410' title='bbox 1201 2554 1275 2592; x_wconf 58' lang='grc' dir='ltr'><strong>Ἶξξ</strong></span> <span class='ocrx_word' id='word_1_411' title='bbox 1297 2555 1369 2588; x_wconf 55' lang='grc' dir='ltr'><strong>την-ης</strong></span> <span class='ocrx_word' id='word_1_412' title='bbox 1393 2555 1469 2589; x_wconf 61' lang='lat' dir='ltr'><strong>nqq.</strong></span> <span class='ocrx_word' id='word_1_413' title='bbox 1512 2546 1682 2588; x_wconf 79' lang='lat' dir='ltr'><strong>Perpetua</strong></span> <span class='ocrx_word' id='word_1_414' title='bbox 1709 2553 1815 2577; x_wconf 88' lang='lat' dir='ltr'><strong>autem</strong></span> <span class='ocrx_word' id='word_1_415' title='bbox 1838 2550 1973 2589; x_wconf 71' lang='lat' dir='ltr'><strong>imperit·</strong></span> 
     </span>
     <span class='ocr_line' id='line_1_40' title="bbox 356 2598 1967 2645; baseline 0.003 -15"><span class='ocrx_word' id='word_1_416' title='bbox 356 2599 465 2631; x_wconf 77' lang='lat' dir='ltr'><strong>domm</strong></span> <span class='ocrx_word' id='word_1_417' title='bbox 487 2598 538 2631; x_wconf 91' lang='lat' dir='ltr'><strong>vel</strong></span> <span class='ocrx_word' id='word_1_418' title='bbox 549 2599 691 2639; x_wconf 65' lang='lat' dir='ltr'><strong>familia</strong></span> <span class='ocrx_word' id='word_1_419' title='bbox 713 2603 811 2643; x_wconf 77' lang='lat' dir='ltr'><strong>regia</strong></span> <span class='ocrx_word' id='word_1_420' title='bbox 833 2611 905 2632; x_wconf 82' lang='lat' dir='ltr'><strong>esse</strong></span> <span class='ocrx_word' id='word_1_421' title='bbox 927 2606 1045 2643; x_wconf 85' lang='lat' dir='ltr'><strong>potest,</strong></span> <span class='ocrx_word' id='word_1_422' title='bbox 1069 2600 1135 2640; x_wconf 88' lang='lat' dir='ltr'><strong>vel,</strong></span> <span class='ocrx_word' id='word_1_423' title='bbox 1158 2602 1241 2643; x_wconf 87' lang='lat' dir='ltr'><strong>quod</strong></span> <span class='ocrx_word' id='word_1_424' title='bbox 1267 2602 1389 2641; x_wconf 85' lang='lat' dir='ltr'><strong>malim,</strong></span> <span class='ocrx_word' id='word_1_425' title='bbox 1419 2602 1512 2634; x_wconf 68' lang='lat' dir='ltr'><strong>cedet</strong></span> <span class='ocrx_word' id='word_1_426' title='bbox 1533 2604 1669 2644; x_wconf 70' lang='lat' dir='ltr'><strong>imperii</strong></span> <span class='ocrx_word' id='word_1_427' title='bbox 1687 2613 1714 2634; x_wconf 77' lang='lat' dir='ltr'><strong>a.</strong></span> <span class='ocrx_word' id='word_1_428' title='bbox 1737 2606 1847 2645; x_wconf 59' lang='lat' dir='ltr'><strong>regia,</strong></span> <span class='ocrx_word' id='word_1_429' title='bbox 1870 2604 1901 2635; x_wconf 89' lang='lat' dir='ltr'><strong>id</strong></span> <span class='ocrx_word' id='word_1_430' title='bbox 1919 2610 1967 2636; x_wconf 78' lang='lat' dir='ltr'><strong>eet</strong></span> 
     </span>
    </p>
   </div>
  </div>
 </body>
</html>
