2242 2976
582 237 833 277 QUATTUOR
856 236 1196 270 mscmr'rroNss
1218 236 1488 270 READIANAE.
1778 241 1855 280 455

225 345 304 379 quas
335 334 447 378 *rnznb
477 335 565 373 (non
597 333 738 376 vnznb)
776 330 930 375 legendas
961 342 1032 364 esse
1066 341 1163 375 supra
1191 331 1442 365 observavimus.
1495 331 1582 371 Quid
1613 333 1711 376 igitur
1743 336 1856 377 ἵπποι-,ἒ

225 403 301 446 Ipsa
322 402 404 435 haec
423 402 527 435 forma
546 402 579 433 in
598 400 794 434 Hebraismo
817 410 880 432 non
902 401 1078 443 reperitur,
1109 400 1192 443 apud
1214 398 1342 433 Arabes
1363 401 1463 435 όκῦ·
1491 407 1541 433 est
1569 401 1591 432 i.
1612 412 1644 445 q.
1665 392 1725 435 2:53
1748 402 1855 447 fregit,

226 461 443 500 conculcavit,
479 460 562 504 quod
593 459 633 492 ab
662 459 696 492 h.
719 459 742 492 l.
773 458 1004 491 alienissimum
1036 467 1095 491 est.
1145 459 1230 498 Duci
1261 467 1368 491 autem
1396 461 1498 502 possit
1526 458 1578 491 vel
1609 470 1628 491 a
1651 466 1739 503 Ἱππ,
1770 462 1854 505 quod

226 518 310 562 apud
333 517 516 550 Chaldaeos
538 517 679 549 mulctae
700 517 864 548 notionem
887 514 1001 554 habet,
1032 514 1083 547 vel
1105 515 1145 548 ab
1167 515 1309 548 hebraeo
1332 522 1392 558 ’μη
1414 516 1536 556 effudit
1558 527 1593 548 ee
1608 517 1728 559 pluvia
1750 518 1854 550 Exod.

225 578 258 614 9,
281 569 341 614 33,
371 575 457 606 unde
478 579 575 618 'Trina
597 572 728 616 (pluvia
749 572 870 611 effusa,
898 572 1041 614 imber),
1073 580 1107 604 ut
1128 580 1256 621 awai-3351
1286 572 1371 606 Hos.
1393 574 1424 612 8,
1448 575 1490 605 23
1511 583 1531 604 a
1553 581 1635 620 ,τιν-ιζ,
1666 582 1699 605 et
1716 573 1855 606 fortasse

225 641 287 676 Ῑῃη
311 634 328 663 1
352 629 431 674 Reg.
457 633 509 669 17,
531 633 575 662 14
598 640 656 672 pro
680 638 757 673 {nnn
780 639 799 660 a
820 637 873 671 που
896 628 1043 670 (Ewaldi
1065 639 1197 672 gramm.
1219 639 1292 672 pag.
1315 629 1410 671 508),
1440 630 1525 672 quod
1549 637 1581 661 et
1602 629 1726 662 formae
1755 630 1852 672 (nam

227 687 333 721 solent
353 688 388 719 in
412 685 532 730 linguis
554 685 715 718 Semiticis
737 692 769 717 et
790 684 898 717 multis
921 684 995 717 aliis
1016 685 1116 717 verba
1132 682 1260 718 'celeres
1282 687 1498 729 repetitusque
1520 693 1643 725 motus,
1679 688 1786 729 qualis
1807 688 1856 719 ent

226 748 397 788 guttam·
421 743 605 775 destillatio
627 742 677 784 ³⁸),
707 741 925 784 significantia
942 741 1056 774 formis
1078 744 1124 774 ita
1146 741 1317 784 duplicatis
1333 743 1488 781 indicari,
1510 742 1551 774 cf.
1569 751 1685 785 'ar—17¹3>
1709 742 1856 775 celeriter

229 801 393 837 circuivit,
429 798 596 842 palpitavit
617 808 672 830 cor
695 798 748 829 Ps.
773 800 826 837 38,
852 801 889 829 11
902 821 912 837 ,
942 805 1025 846 27:222
1049 798 1212 838 volitavit,
1243 798 1390 839 flatteru,
1420 799 1505 831 unde
1526 785 1647 848 0232222'!
1670 785 1853 842 palpebrae,

230 863 329 890 nostr.
351 855 549 895 Vir-nom,
577 853 746 893 wehtam,
770 854 984 897 Klingklang
1014 853 1055 886 al.
1083 865 1114 886 v.
1131 865 1263 898 gramm.
1283 855 1375 888 hebr.
1399 857 1428 895 §-
1447 858 1499 888 54.
1543 855 1688 899 Hupfeld
1710 856 1855 888 exercitt.

230 912 372 956 aethiop.
395 923 472 956 pag.
490 909 552 954 28)
581 918 614 943 et
634 912 812 943 sententiae
834 913 976 943 maxime
999 912 1277 943 accommodatum
1300 918 1358 945 est.
1402 910 1486 944 Nam
1510 919 1544 944 nt
1561 911 1694 955 pluvias
1713 912 1857 944 defectus

228 976 398 1012 terraeque
433 969 566 1012 ariditas
604 968 638 998 in
673 968 854 1008 praecipuis
890 966 977 999 illius
1007 968 1150 1010 regionis
1180 967 1415 1000 calamitatibus
1447 974 1514 1008 est,
1554 970 1600 1000 ite
1629 969 1743 1000 eadem
1772 968 1856 1010 apud

230 1024 440 1067 Porphyrium
464 1025 516 1055 in·
536 1023 713 1065 potissimis
745 1020 978 1054 sacrificiorum
1009 1022 1222 1055 humanorum
1256 1025 1339 1066 apud
1369 1023 1496 1057 Poenos
1525 1024 1705 1065 oblatorum
1733 1025 1856 1056 caussis

230 1086 436 1114 enumeratur
458 1081 507 1122 (p.
529 1081 623 1119 449).

359 1148 513 1196 Superest
534 1160 641 1186 &nrm
662 1151 813 1190 verbum,
848 1151 933 1194 quod
956 1151 1071 1194 pendet
1093 1162 1135 1183 ex
1158 1151 1241 1194 rib-bb
1264 1161 1333 1196 ¹3⁹7„
1378 1151 1485 1191 Qunm
1508 1151 1635 1186 litterae
1659 1159 1764 1186 certae
1782 1155 1857 1191 sint,

233 1212 370 1254 primum
408 1209 447 1241 de
482 1209 691 1252 grammatica
723 1206 849 1247 forma,
893 1208 967 1239 dein
1005 1208 1045 1240 de
1080 1194 1318 1252 significatione
1355 1209 1527 1241 videndum
1556 1217 1615 1242 est.
1667 1209 1772 1253 Atque
1802 1208 1858 1241 illa

233 1278 298 1299 non
317 1273 422 1309 potest
443 1276 509 1297 non
530 1268 550 1297 3
568 1271 670 1309 praet.
694 1263 791 1307 Niph.
812 1264 887 1296 fem.
909 1275 984 1308 gen.
1007 1275 1097 1303 esse,
1121 1274 1142 1299 κ
1165 1271 1312 1297 extremo
1334 1266 1452 1307 scripto
1475 1276 1532 1308 pro
1555 1274 1580 1299 rt
1601 1265 1662 1307 (cf.
1679 1276 1754 1308 pag.
1769 1267 1858 1307 440),

233 1335 314 1368 quae
336 1322 441 1355 forma
454 1332 573 1365 genere
589 1322 739 1353 convenit
761 1332 832 1353 cum
855 1322 937 1364 uby,
968 1332 1031 1352 non
1054 1331 1125 1353 cum
1149 1329 1225 1366 ηψπ,
1249 1332 1401 1364 perquam
1422 1321 1661 1353 accommodate
1675 1322 1715 1353 ad
1732 1328 1859 1353 senten-

232 1381 329 1420 tiam,
360 1379 511 1422 quoniam
533 1376 756 1411 holocaustum
779 1385 955 1417 crematur,
986 1388 1050 1409 non
1074 1378 1153 1410 odor
1176 1377 1237 1420 (cf.
1261 1388 1395 1421 gramm.
1421 1377 1511 1410 hebr.
1536 1380 1565 1417 §.
1584 1380 1656 1417 145,
1676 1378 1720 1419 1).
1765 1376 1860 1415 Quod

234 1435 444 1470 nihilominus
465 1435 669 1478 participium
691 1438 761 1478 ¹²⁷.ss
782 1445 900 1478 genere
923 1433 1100 1467 masculino
1123 1435 1261 1477 positum
1284 1441 1351 1472 est,
1376 1433 1472 1466 huius
1492 1435 1539 1466 rei
1556 1445 1670 1466 caussa
1686 1435 1718 1466 in
1735 1444 1774 1465 eo
1789 1433 1858 1475 ipzo

234 1493 418 1537 quaerenda
437 1498 507 1531 est,
538 1491 622 1535 quod
645 1499 716 1525 nnn
750 1492 949 1534 participium
978 1502 1003 1523 s.
1032 1501 1148 1523 nomen
1180 1490 1309 1523 verbale
1332 1497 1398 1530 est,
1435 1491 1525 1522 cuius
1547 1491 1676 1533 generis
1696 1489 1818 1522 formae
1841 1500 1859 1520 a

232 1551 376 1582 motione
412 1545 548 1580 subinde
584 1547 765 1588 abstinent,
801 1554 836 1580 ut
865 1547 948 1580 Gen.
975 1551 1013 1586 4,
1042 1549 1078 1579 7:
1116 1548 1187 1592 γξῆ
1216 1556 1313 1595 nazar-t
1343 1547 1430 1593 17:224}
1461 1547 1508 1579 ad
1534 1550 1665 1589 portam
1689 1551 1858 1589 peccatum

233 1605 414 1639 insidiator
445 1609 496 1637 ert
528 1604 568 1636 cf.
598 1612 645 1648 ετξ
672 1604 712 1635 de
741 1604 897 1636 cadavere
926 1604 1026 1636 Sarae
1055 1602 1137 1636 Gen.
1161 1607 1213 1643 23,
1235 1608 1267 1636 4.
1291 1607 1330 1643 6,
1362 1609 1440 1650 ῖῆῃιξ
1462 1603 1600 1641 artifex,
1632 1603 1672 1634 de
1693 1601 1861 1645 Sapientia

236 1663 347 1694 divina
368 1662 463 1693 Prov.
483 1663 514 1700 8,
537 1663 588 1693 30.
633 1659 838 1704 significatio
860 1667 967 1692 autem
990 1659 1079 1692 verbi
1103 1669 1167 1694 nna
1190 1672 1254 1692 non
1278 1660 1342 1692 alia
1373 1671 1444 1692 esse
1467 1666 1572 1702 potest
1600 1669 1693 1701 quam
1723 1665 1804 1700 quae
1826 1660 1860 1689 in

236 1718 432 1750 Hebraismo
461 1723 527 1756 est,
566 1716 623 1749 ubi
648 1718 752 1759 ipsum
781 1723 923 1748 nostrum
952 1715 1073 1760 Niphal
1099 1723 1206 1749 exstat
1235 1717 1319 1760 apud
1351 1716 1490 1749 Jesaiam
1513 1718 1554 1755 9,
1579 1718 1635 1747 18:
1669 1720 1741 1761 'meg
1763 1711 1860 1762 01352,

235 1774 320 1818 quod
350 1771 452 1806 LXX
482 1773 636 1805 reddunt:
674 1772 874 1815 συγκέκαυται
909 1770 928 1814 ἦ
957 1775 1015 1815 γῆ,
1053 1771 1118 1806 Ms.
1153 1771 1249 1806 Alex.
1285 1770 1543 1816 συγκαυθήσεται.
1601 1769 1716 1804 Chald.
1751 1776 1862 1819 nni-³¹33

236 1834 444 1863 concremata
480 1834 548 1869 est,
587 1828 659 1861 coll.
692 1827 781 1861 arab.
818 1836 896 1881 με,
935 1830 1019 1872 quod
1048 1830 1088 1862 de
1118 1836 1207 1862 aestu
1232 1828 1516 1861 vehementissimo
1541 1828 1658 1860 dicitnr
1686 1827 1858 1870 (Firuzab.

237 1902 267 1934 p.
291 1892 374 1923 1667
385 1890 408 1931 ).
458 1887 526 1921 Imo
551 1890 771 1931 antiquissima
799 1887 857 1920 illa
885 1888 948 1920 loci
977 1888 1119 1921 Jesaiaui
1147 1889 1367 1931 interpretatio
1394 1900 1454 1921 usn
1477 1887 1568 1920 verbi
1588 1889 1622 1919 in
1646 1886 1690 1919 V.
1712 1885 1754 1918 Τ.
1780 1886 1861 1924 ἅπαξ

239 1946 401 1990 λεγομένου
422 1946 456 1977 in
479 1944 572 1977 titulo
594 1952 707 1977 nostro
729 1946 859 1989 egregie
882 1939 1097 1977 confirmatur.

365 2019 515 2051 Continet
543 2019 641 2061 igitur
670 2018 723 2051 hic
747 2017 860 2051 titulus
889 2017 1079 2051 Numidicus
1109 2019 1227 2061 pariter
1250 2024 1344 2061 atque
1366 2018 1430 2050 duo
1458 2017 1686 2060 praecedentes
1707 2013 1859 2059 (Numid.

238 2080 270 2110 6.
293 2077 333 2117 7)
370 2076 559 2109 memoriam
585 2070 676 2117 pueri
703 2082 832 2118 propter
864 2074 1077 2107 calamitatem
1108 2073 1269 2117 publicam
1299 2073 1473 2114 immolati,
1509 2075 1555 2106 ita
1584 2074 1728 2117 quidem,
1763 2078 1797 2103 ut
1826 2072 1859 2102 in

236 2133 302 2167 hoc
324 2133 421 2165 etiam
444 2132 586 2164 numinis
608 2142 725 2164 nomen
746 2132 810 2173 (ta-2
826 2131 907 2173 552)
930 2137 962 2163 et
979 2130 1132 2164 sacrificii
1153 2142 1266 2164 caussa
1283 2130 1431 2173 (pluviae
1444 2130 1607 2171 defectus)
1621 2135 1795 2162 memorata
1808 2128 1859 2159 sit.

293 2287 324 2319 ὓ)
345 2289 386 2314 Ita
404 2288 479 2321 plura
496 2286 577 2313 huin·
594 2285 795 2323 significationis
807 2286 891 2313 verba
903 2285 1018 2312 formam
1086 2293 1260 2326 humectavit,
1282 2288 1447 2337 14:14:
1467 2290 1580 2323 roravit,
1601 2284 1814 2333 84:84:
1833 2294 1860 2316 et

242 2362 343 2390 habent
365 2363 543 2398 duplicatam,
569 2367 600 2389 nt
618 2343 725 2391 ὢ
746 2362 903 2390 tenuissima
926 2362 1019 2397 pluvia
1086 2340 1330 2381 mssfflss:
1353 2343 1508 2372 demumst*
1526 2349 1542 2367 Β
1562 2337 1699 2381 584:
1724 2345 1751 2367 et
1776 2337 1859 2376 {m

966 2422 981 2432 ,,
1086 2395 1171 2433 Πζ,
1210 2399 1311 2430 atque
1350 2395 1434 2421 haec
1469 2393 1534 2418 duo
1573 2399 1718 2426 prorsus
1758 2397 1792 2418 ut
1826 2391 1860 2419 iu

241 2439 310 2477 9¹¹¹st
325 2439 478 2475 (melum),
504 2437 727 2477 fflAfflA:
746 2439 891 2468 dfflfflflVii
909 2440 946 2466 Cf·
962 2430 1019 2474 &b
1087 2446 1254 2481 exemplo
1281 2450 1403 2473 nostro
1428 2441 1521 2479 ΊΠΞΪἹ
1547 2451 1562 2470 ι
1585 2440 1656 2477 ἹΠἎ·
