2242 2976
389 271 463 309 342
548 267 680 301 Lmen
702 262 923 304 QUARTUS.
967 262 1027 295 DE
1049 261 1220 295 LlNGUA
1242 260 1496 295 rnossmcm.
1516 260 1688 297 chrm·
1709 261 1896 295 ΡιιιΜυΜ.

389 376 459 397 cum
488 362 657 395 Hebraeae
686 358 816 401 linguae
845 368 905 390 usu
935 357 1115 398 discrepare
1143 362 1176 387 et
1203 365 1275 387 cum
1301 365 1365 387 una
1398 354 1541 387 Arabica
1561 355 1747 387 concinere:
1780 355 1814 387 id
1835 354 1918 398 quod
1939 355 2003 386 iam

389 419 467 452 alibi
496 428 516 449 a
544 416 638 448 nobis
666 416 795 457 copiose
825 414 1017 456 disputatum
1047 412 1109 444 hoc
1137 410 1210 443 loco
1238 411 1343 443 denuo
1377 412 1524 453 persequi
1558 409 1692 454 longum
1719 416 1780 443 est.
1816 429 1855 436 -
1899 409 2004 443 Multo

389 477 483 508 etiam
511 472 641 505 duriora
669 477 702 503 et
730 469 859 513 longius
891 470 992 512 petita
1019 468 1186 507 videntur,
1225 478 1305 510 quae
1327 467 1367 499 de
1389 466 1518 510 linguae
1539 467 1680 499 Punicae
1700 467 1848 509 vestigiis
1868 467 1902 498 in
1921 465 2006 499 Irica

389 530 568 573 conspicuis
605 525 731 570 prolata
766 526 881 566 video,
922 528 955 558 in
991 535 1071 568 qua,
1108 525 1222 567 quippe
1252 522 1394 555 Celticae
1423 524 1531 566 stirpis
1562 522 1693 566 lingua,
1728 532 1831 565 neque
1864 521 2006 557 radicum

388 597 491 630 neque
514 585 739 632 grammaticae
759 582 983 615 declinationis
1006 592 1077 613 cum
1102 579 1253 612 Hebraea
1273 579 1385 622 lingua
1407 580 1577 612 concordia
1597 586 1662 612 est:
1697 585 1732 611 ut
1751 579 1862 611 mirari
1881 576 2007 621 subest,

388 645 483 676 etiam
514 641 611 673 bodie
642 650 714 672 esse
742 639 859 682 quibus
887 637 1071 679 Vallanceji
1097 637 1222 668 somnia
1244 647 1308 668 non
1330 635 1519 678 displiceant
1539 636 1576 678 *).
1618 635 1774 678 Equidem
1795 634 1837 667 ab
1859 633 1911 666 his
1929 642 2010 668 co·-

388 699 518 731 iecturis
541 695 727 740 singillatim
751 695 975 727 examinandis
996 705 1034 726 eo
1056 693 1159 736 magis
1181 692 1403 724 abstinendum
1426 693 1552 734 putavi,
1575 702 1637 735 quo
1651 692 1754 734 magis
1770 690 1866 723 buius
1880 689 2009 733 generis

389 755 591 799 quaestiones
615 763 635 784 a
655 752 731 784 libri
754 753 817 784 mei
840 750 975 783 consilio
998 749 1123 782 alienae
1145 755 1236 789 sunt,
1258 750 1291 781 in
1313 758 1374 791 quo
1396 747 1458 780 hoc
1480 759 1578 780 unum
1601 748 1765 791 spectavi,
1798 753 1834 778 ut
1853 745 2011 789 genuinas
2059 741 2064 746 ’

389 819 484 854 atque
506 816 609 842 certas
631 808 761 851 linguae
783 807 978 839 Phoenicius
1000 818 1096 849 opes,
1128 807 1168 838 ad
1191 816 1269 849 quas
1291 815 1349 837 ceu
1371 805 1411 836 ad
1433 803 1571 847 lapidem
1594 804 1731 846 Lydium
1755 804 2010 836 coniecturarum

388 868 519 900 licentia
541 866 630 908 exigi
653 870 780 908 posset,
823 875 879 907 pro
901 863 1024 896 viribus
1044 862 1218 896 illustratas
1242 860 1417 894 lectoribus
1441 871 1662 904 proponerem.

1154 992 1182 1029 ς.
1218 992 1248 1021 7.

643 1058 895 1110 Phoens'ctu»
923 1058 1240 1100 Poenorumque
1269 1059 1510 1099 scriptores
1540 1054 1766 1098 deperditi.

517 1143 732 1177 Phoenicibus
754 1142 933 1185 Poenisque
957 1141 1042 1175 baud
1065 1142 1216 1183 exiguam
1231 1139 1332 1172 fuisse
1347 1139 1502 1172 librorum
1516 1138 1715 1182 aliorumque
1731 1144 2008 1172 monumentorum

390 1201 618 1233 litterariorum
639 1197 869 1241 supellectilem
890 1207 985 1239 quum
1011 1195 1092 1228 alias
1117 1195 1159 1228 ob
1173 1206 1305 1228 caussas
1320 1194 1476 1227 credibile
1491 1202 1558 1234 est,
1581 1202 1646 1226 tum
1663 1194 1786 1227 Plinius
1801 1201 1833 1227 et
1848 1193 2010 1230 Eusebius

390 1257 565 1290 memoriae
593 1255 812 1298 prodiderunt.
870 1252 933 1285 Hic
971 1253 1057 1284 enim
1089 1252 1248 1284 variarum
1278 1251 1473 1284 Phoeniciae
1506 1251 1634 1284 urbium
1663 1261 1716 1283 res
1746 1257 1855 1294 gestas
1882 1247 2012 1292 publiea

390 1313 579 1345 auctoritate
610 1310 726 1342 litteris
755 1309 920 1341 mandatas
948 1315 981 1340 et
1009 1309 1041 1340 iu
1072 1307 1200 1351 templis
1229 1315 1410 1341 asservatas
1437 1318 1510 1340 esse
1534 1307 1628 1340 docet
1648 1307 1776 1351 (praep.
1798 1317 1912 1350 evang.
1934 1308 1966 1346 ¹,
1988 1307 2011 1339 9

390 1380 421 1411 p.
446 1372 483 1400 21
512 1367 554 1400 al.
578 1368 656 1409 32):
690 1365 746 1398 ille
778 1364 990 1398 bibliothecas
1021 1363 1293 1407 Carthaginenses
1323 1370 1480 1396 memorat
1508 1375 1528 1396 a
1555 1363 1675 1397 Senatu
1703 1363 1850 1397 Romano
1878 1361 2010 1395 Africae

390 1424 511 1467 regulis
533 1424 618 1456 dono
641 1423 741 1455 datas.
784 1421 835 1454 De
856 1421 998 1465 Magone
1020 1422 1106 1453 enim
1130 1420 1238 1453 Poeno
1260 1419 1394 1463 loquens
1422 1419 1547 1459 xvnl,
1562 1423 1598 1453 5:
1619 1421 1698 1459 „cni
1720 1420 1867 1463 quidem,
1895 1419 2010 1462 inquit,

390 1488 512 1514 tantum
544 1480 699 1512 bonorem
729 1478 867 1511 Senatus
895 1485 1004 1510 noster
1032 1475 1144 1509 babuit
1173 1475 1368 1519 Carthagine
1395 1482 1503 1519 capta,
1540 1482 1575 1508 ut
1605 1487 1701 1519 quum
1730 1475 1850 1519 regulis
1879 1475 2010 1508 Africae

391 1535 603 1570 bibliothecas
627 1536 779 1574 donaret,
816 1536 910 1567 unius
937 1535 1008 1566 eius
1030 1533 1266 1575 duodetriginta
1289 1532 1453 1565 volumina
1474 1539 1620 1564 censeret
1641 1533 1675 1565 in
1696 1529 1846 1564 Latinam
1866 1530 2010 1574 linguam

391 1592 633 1632 transferenda,
671 1602 768 1634 quum
799 1592 863 1623 iam
893 1589 940 1622 M.
963 1588 1043 1621 Cato
1072 1595 1239 1631 praecepta
1268 1589 1481 1621 condidisset:
1519 1589 1700 1631 peritisque,
1715 1587 1845 1630 linguae
1867 1587 2009 1620 Punicae

391 1649 529 1681 dandum
561 1649 742 1691 negotium,
783 1648 817 1678 in
846 1657 909 1690 quo
936 1646 1110 1688 praecessit
1143 1655 1254 1677 omnes
1286 1646 1335 1677 vir
1364 1643 1564 1686 clarissimae
1589 1643 1732 1676 familiae
1760 1642 1804 1676 D.
1834 1642 2009 1676 Silanus.“

391 1706 536 1748 Ipsorum
572 1705 782 1746 scriptorum,
827 1705 882 1746 qui
918 1703 1045 1745 parcius
1078 1707 1295 1733 memorantur
1330 1700 1417 1743 apud
1455 1707 1596 1740 veteres,
1635 1710 1720 1732 nunc
1750 1700 1830 1732 satis
1857 1709 2010 1742 magnum

391 1771 558 1793 numerum
584 1769 752 1792 recensere
774 1769 958 1802 possemus,
987 1759 1016 1790 si
1038 1757 1119 1790 fides
1141 1756 1289 1788 habenda
1304 1762 1390 1788 esset
1402 1755 1479 1788 libri
1493 1755 1825 1788 Sanchuniatboniani
1837 1757 2009 1798 epitomae,

392 1828 473 1859 quae
495 1827 595 1859 nuper
617 1816 814 1847 eruditorum
836 1815 1000 1847 bominum
1022 1812 1133 1846 oculos
1154 1814 1188 1844 in
1210 1823 1246 1844 se
1269 1813 1435 1844 convertit.
1478 1811 1588 1853 Quum
1607 1822 1683 1844 vero
1699 1812 1841 1855 quotidie
1856 1818 2011 1855 augeatur

392 1875 506 1915 ingens
533 1873 693 1914 suspicio,
729 1871 813 1903 hanc
841 1872 1001 1913 epitomen
1030 1880 1095 1902 non
1123 1879 1165 1902 ex
1194 1875 1319 1900 vetusto
1348 1875 1516 1912 certaeque
1545 1867 1623 1900 fidei
1644 1867 1728 1900 libro
1750 1867 1915 1908 haustam,
1952 1868 2010 1901 sed

392 1929 606 1960 recentiorum
637 1927 802 1959 hominum
834 1928 966 1970 ingenio
998 1925 1165 1958 confictam
1190 1936 1261 1957 esse
1289 1924 1449 1967 (praefi),
1486 1925 1584 1956 misso
1605 1923 1700 1956 huius
1723 1923 1798 1956 libri
1821 1931 2010 1967 argumento

393 1995 448 2016 eos
474 1991 595 2016 tantum
617 1985 789 2026 scriptores
810 1982 1062 2015 memorabimus
1080 1993 1217 2025 >quorum
1241 1981 1326 2024 apud
1348 1981 1496 2023 antiquos
1517 1981 1692 2022 scriptores
1713 1981 1833 2012 mentio
1854 1979 1902 2012 fit.

522 2083 551 2111 1.
594 2078 698 2121 Atque
721 2078 835 2110 horum
859 2078 987 2121 quidem
1008 2078 1248 2120 antiquissimus
1269 2075 1367 2118 vulgo
1391 2074 1526 2107 habetur
1546 2073 1816 2107 Smkuniatbon
1837 2074 1897 2116 (de
1919 2075 2008 2106 varin

393 2136 532 2168 nominis
554 2134 658 2166 forma
679 2146 710 2167 v.
731 2136 760 2174 ς.
775 2134 835 2177 19)
857 2141 938 2167 teste
960 2133 1148 2177 Porphyrio,
1171 2131 1326 2171 Eusebio,
1348 2130 1555 2163 Theodoreto
1578 2130 1738 2172 Berytius‚
1762 2138 1892 2162 auctore
1910 2129 2009 2162 Snida

446 2282 474 2317 ⁸¹)
495 2282 626 2310 Castus
639 2282 815 2309 vincimen
827 2284 914 2318 Essay
927 2291 964 2309 on
976 2281 1169 2316 theAntiquity
1237 2286 1314 2309 notes
1336 2282 1373 2316 by
1397 2283 1485 2315 Henry
1513 2280 1631 2308 O'bn'en.
1662 2280 1778 2307 London
1796 2279 1872 2306 1833.
1906 2278 2007 2305 nanu

394 2333 427 2359 ot·
445 2332 490 2358 the
509 2331 578 2357 Irish
600 2331 749 2367 langnsge,
779 2331 881 2356 Dublin
900 2333 976 2357 1772.
993 2331 1019 2357 8.
1054 2331 1168 2357 London
1211 2362 1213 2364 Ι
1237 2330 1356 2357 O'nmsn
1367 2330 1412 2356 the
1424 2330 1513 2356 round
1525 2331 1634 2356 tower’s
1645 2327 1792 2356 oflrelsnd
1803 2334 1836 2353 or
1847 2326 1894 2352 the
1907 2330 2008 2360 myste-

395 2380 474 2408 ¹808.
484 2380 511 2407 8.
530 2377 692 2406 O'Comron
705 2377 861 2405 Chronicles
874 2379 906 2404 of
914 2378 960 2404 Eri
975 2383 1025 2404 etc.
1041 2379 1111 2404 from
1123 2379 1168 2404 the
1234 2378 1289 2405 ries
1302 2378 1335 2404 of
1346 2378 1541 2412 sreemasonry,
1559 2378 1592 2404 ot·
1603 2376 1723 2404 Sabaism
1741 2375 1792 2401 and
1810 2374 1843 2400 os
1851 2374 2007 2402 Buddbism·

395 2428 509 2464 original
531 2427 599 2454 Mss.
625 2426 654 2453 in
679 2427 726 2453 the
749 2425 913 2452 Phoenician
940 2426 1035 2451 dialect
1053 2425 1106 2459 (7)
1139 2426 1172 2452 οἶ
1235 2427 1352 2453 London
1375 2425 1452 2452 1834.
1480 2440 1514 2446 —
1556 2425 1676 2452 Eandem
1698 2422 1878 2450 coniecturam
1908 2424 2008 2450 Thom-

395 2478 440 2503 the
458 2474 587 2510 Scy-thien
604 2475 744 2510 language.
774 2476 792 2500 2
811 2474 883 2502 Voll.
900 2474 926 2500 8.
956 2474 1070 2499 London
1091 2475 1167 2500 1822.
1237 2474 1348 2500 Moorio
1365 2473 1498 2507 placuisse
1515 2472 1622 2506 accepi,
1649 2472 1678 2498 in
1695 2470 1826 2504 „history
1845 2471 1878 2497 of
1891 2471 2007 2504 Irenae,

396 2523 561 2551 Phoenician
578 2523 694 2549 Irelund.
728 2522 849 2548 Auctore
868 2523 904 2547 D.
924 2522 1013 2548 Joaoh.
1032 2523 1167 2547 Laurentio
1237 2523 1271 2548 T.
1282 2521 1331 2554 1.·‘
1353 2536 1387 2541 —
1419 2522 1465 2548 De
1488 2521 1678 2548 nonnullorum
1694 2518 1723 2545 in
1741 2520 1832 2545 locum
1854 2519 2006 2546 Plautinum

399 2574 566 2606 Viuanueva,
592 2570 758 2599 Conchensis
775 2569 913 2596 Ecclesiae
925 2568 1066 2601 canonico,
1084 2569 1168 2604 Regio
1237 2569 1308 2595 curis
1325 2577 1362 2596 ex
1380 2568 1449 2596 lrica
1468 2573 1495 2595 et
1514 2567 1664 2595 Vasconica
1681 2566 1780 2603 linguis
1798 2576 1826 2595 v.
1844 2566 1866 2601 §0
1884 2569 1918 2595 10
1935 2570 2004 2594 extr.

396 2620 555 2647 Ecclesiaste
580 2623 631 2647 cet.
669 2618 827 2645 Translated
853 2619 905 2644 and
927 2617 1076 2644 illustrated
1102 2616 1168 2642 with
