2242 2976
531 282 592 315 DE
615 281 820 315 LITTERIS
842 280 1107 320 PHOENICHS.
1151 284 1179 321 5.
1197 284 1250 314 30.
1290 280 1415 314 KOPH
1437 280 1644 314 LITTERA.
1853 283 1904 321 43

448 375 517 415 „In
539 374 674 419 reliquis
696 377 871 419 scripturae
893 375 1085 419 generibus,
1115 386 1249 419 quorum
1271 374 1371 407 multa
1398 376 1592 417 (Graecum,
1615 367 1803 416 Etruscum,
1828 376 1906 409 Per-

366 455 388 472 ,‚
397 433 520 472 sicum)
542 432 603 464 hac
621 432 715 465 litera
732 444 863 476 prorsus
880 439 1005 472 carent,
1027 432 1150 475 figurae
1167 438 1258 471 sunt,
1282 443 1362 474 quae
1381 433 1563 464 Phoeniciis
1581 432 1804 466 dissimiliores
1821 442 1905 466 sunt.

452 489 522 528 „In
545 491 703 532 scriptura
725 496 832 521 vetere
854 489 994 521 hebraea
1015 489 1077 522 soli
1098 490 1172 521 unci
1194 500 1221 520 s.
1244 488 1397 520 denticuli
1419 491 1538 522 servati
1559 496 1633 522 sunt
1654 488 1779 522 abiecto
1797 502 1904 534 scapo,

366 557 487 596 „unde
516 557 621 601 figura
652 558 808 601 quaedam
840 564 909 589 orta
936 563 1047 589 nostro
1082 567 1114 588 m
1149 556 1162 596 (
1197 571 1274 586 444
1304 556 1316 598 )
1352 555 1485 588 similis:
1520 568 1563 588 ex
1597 556 1657 589 hac
1691 559 1765 590 dein
1802 559 1905 592 forma

363 639 386 656 „
397 616 617 656 Samaritana,
655 619 707 650 cui
736 618 870 650 uncinus
901 628 921 648 a
950 617 1082 648 sinistro
1111 616 1265 654 accessit,
1302 626 1365 658 quo
1397 615 1477 647 haec
1504 615 1612 648 littera
1643 618 1856 662 distinguatur
1886 631 1905 651 a

366 673 494 714 „simili
516 672 588 705 Jod.

453 729 704 769 „Usitatissima
727 729 926 762 Phoenicum
947 729 1053 772 figura
1074 739 1127 760 no.
1147 731 1161 759 1
1183 728 1272 758 varie
1294 726 1415 759 inflexa
1438 729 1596 770 reperitur
1616 731 1712 762 etiam
1737 733 1770 763 in
1793 743 1905 765 monu-

366 793 502 825 „mcnto
525 787 842 830 Carpentoractensi‚
872 787 906 818 in
929 786 1146 818 Blaeassianis
1169 790 1201 815 et
1222 785 1256 815 in
1280 783 1488 826 Palmyrenis.
1499 788 1521 804 “

1029 864 1152 901 §.aa

856 931 1022 974 Koph
1065 933 1328 971 littera,

278 1000 369 1033 cuius
398 1010 515 1031 nomen
543 998 596 1030 vel
618 999 779 1038 foramen
804 1002 929 1031 securis·
961 1006 992 1030 et
1019 1010 1097 1031 acm·
1126 998 1217 1042 (coll.
1252 998 1356 1030 chald.
1387 1008 1469 1043 temp
1504 999 1649 1031 foramen
1680 1011 1775 1040 acus,
1814 1002 1903 1035 arab.

302 1043 337 1067 ἓ)
376 1048 427 1067 5:1³

276 1074 355 1112 b523,
376 1074 437 1101 ³323
450 1067 594 1099 foramen
611 1069 751 1106 securis,
774 1078 826 1099 res
846 1069 952 1099 securi
973 1066 1111 1108 similis)
1133 1066 1196 1106 vel,
1220 1068 1306 1110 quod
1329 1069 1431 1110 magis
1451 1067 1555 1110 placet
1571 1069 1620 1110 ¹⁸),
1645 1072 1773 1111 occiput
1796 1070 1905 1110 (arab.

278 1119 339 1181 jz}
361 1145 507 1187 occiput,
541 1154 623 1186 pars
637 1144 762 1186 postica
782 1144 935 1186 cervicis)
966 1143 1142 1209 signjfieat,
1173 1143 1232 1176 has
1254 1144 1376 1188 figuras
1399 1144 1496 1176 habet
1518 1143 1631 1186 plenas
1652 1151 1685 1176 et
1706 1145 1882 1188 legitimas:

687 1196 890 1337 Μ
1019 1196 1492 1330 rivi}

276 1351 425 1390 vsprim.
448 1347 552 1379 Melit.
570 1351 601 1386 2,
618 1350 647 1378 1.
671 1345 781 1378 Carth.
798 1351 828 1386 1,
846 1351 875 1379 2.
900 1351 930 1386 5,
946 1350 975 1378 3.
999 1351 1031 1387 8,
1047 1351 1089 1386 1.,
1114 1358 1200 1379 num.
1217 1346 1348 1380 Heracl.
1367 1347 1409 1379 A.
1425 1347 1463 1379 Β.
1479 1348 1628 1380 Panorm.
1642 1349 1682 1381 L.
1706 1361 1769 1381 sec.
1786 1349 1904 1381 Athen.

277 1408 307 1444 2,
325 1408 368 1444 2.,
400 1416 487 1436 num.
512 1403 612 1435 vace.
634 1403 670 1434 F.
698 1403 736 1435 G.
760 1403 803 1434 Η.
840 1408 917 1436 tert.
941 1415 1028 1435 num.
1051 1403 1149 1436 Iubae
1172 1404 1236 1435 iun.
1260 1405 1311 1445 (in
1335 1405 1443 1447 ἱερῇ),
1479 1406 1591 1437 incert.
1621 1405 1689 1438 Afr.
1720 1406 1756 1438 F.
1795 1410 1903 1448 quart.

275 1460 379 1493 Melit.
403 1464 434 1499 1,
457 1463 486 1491 1.
508 1465 538 1491 4.
574 1460 666 1501 Eryc.
689 1459 820 1492 Heracl.
844 1459 882 1492 C.
915 1460 1011 1492 Vacc.
1034 1460 1074 1492 A.
1101 1460 1138 1491 B.
1162 1459 1199 1490 C.
1223 1459 1264 1491 D.
1285 1460 1324 1492 E.
1353 1463 1457 1503 quint.
1482 1461 1571 1494 Cilic.
1597 1462 1629 1494 P.

405 1516 532 1548 Sensim
556 1523 664 1547 autem
687 1514 739 1546 vel
762 1527 827 1548 una
849 1516 902 1548 vel
923 1516 1025 1548 altera
1045 1527 1122 1559 pars
1150 1515 1274 1558 figurae
1297 1515 1436 1548 deficere
1459 1519 1585 1560 coepit,
1620 1519 1706 1551 unde
1729 1518 1790 1549 hae
1814 1526 1902 1550 ortae

736 1597 794 1732 ἢὸ
922 1599 932 1612 ’1
1075 1597 1087 1613 8
1247 1597 1259 1613 9
1368 1599 1397 1614 10

274 1757 362 1785 sext.
386 1763 416 1783 v.
440 1751 551 1784 Carth.
575 1755 612 1791 3,
636 1755 666 1786 5.
700 1758 781 1796 sept.
805 1752 911 1788 Melit
936 1758 967 1793 2,
991 1758 1011 1786 2
1046 1755 1117 1795 (cui
1139 1754 1245 1787 simile
1268 1754 1366 1798 Koph
1393 1753 1648 1795 Hebraeorum).
1686 1758 1747 1786 oct.
1771 1753 1902 1786 Numid.

273 1812 305 1848 3,
329 1813 360 1842 2.
382 1808 506 1851 Tripol.
529 1813 561 1848 2,
587 1812 614 1841 1.
637 1813 667 1840 2.
701 1820 776 1842 non.
800 1810 894 1852 Eryc.
920 1809 978 1842 lin.
996 1813 1025 1843 5.
1047 1810 1178 1843 Numid.
1203 1815 1281 1851 1,2.
1307 1815 1382 1850 2,2.
1408 1815 1441 1850 4,
1459 1814 1489 1843 3.
1513 1810 1636 1853 Tripol.
1657 1814 1687 1844 1.
1709 1810 1777 1854 sig.
1800 1810 1839 1842 A.
1863 1810 1900 1842 Β.

275 1865 311 1897 C.
347 1866 417 1897 dec.
439 1864 573 1897 Marsal.

402 1921 554 1964 Figuram
580 1933 696 1954 nonam
725 1923 759 1954 in
789 1924 1038 1966 interpretandis
1060 1924 1322 1967 inscriptionibus
1345 1922 1526 1955 Numidicis
1547 1923 1752 1956 Hamakerus
1775 1923 1903 1955 Daleth

273 1989 345 2010 esse
367 1978 515 2021 putabat:
547 1976 640 2021 quem
663 1990 806 2011 errorem
828 1980 923 2012 facile
948 1982 1143 2026 correxisset
1164 1982 1213 2012 vir
1235 1981 1366 2019 doctus,
1396 1983 1424 2012 si
1447 1981 1542 2012 modo
1566 1980 1738 2012 formulam
1762 1982 1828 2025 κύρ
1852 1980 1901 2012 bis

273 2034 401 2067 obviam
434 2033 565 2067 Numid.
589 2038 628 2074 3,
652 2039 671 2067 2
693 2042 725 2067 et
744 2041 783 2077 4,
809 2040 827 2069 3
861 2039 944 2069 inter
975 2048 1010 2069 se
1040 2049 1232 2080 componere
1263 2037 1428 2069 voluisset.
1473 2036 1565 2069 Nihil
1594 2039 1680 2068 enim
1709 2037 1769 2069 hac
1797 2037 1902 2080 figura

273 2093 410 2131 certius,
440 2093 510 2123 sive
532 2093 691 2135 originem
713 2094 782 2125 eius
795 2101 935 2136 spectas,
958 2096 1028 2126 sive
1043 2094 1216 2126 verborum
1233 2093 1521 2136 famularumque,
1544 2095 1577 2125 in
1594 2094 1710 2137 quibus
1725 2095 1900 2133 invenitur,

275 1580 350 1606 sunt
371 1573 511 1605 formae:

273 2149 441 2180 rationem.

402 2204 572 2236 Praeterea
601 2198 775 2238 notandum
805 2214 854 2239 est
891 2207 923 2248 1)
949 2200 1129 2249 complures
1158 2206 1417 2250 Palaeographos
1446 2208 1481 2239 in
1510 2206 1623 2250 figuris
1652 2207 1747 2239 huius
1774 2207 1899 2239 litterae

271 2291 471 2322 recensuisse
495 2292 593 2323 ctiam
632 2265 693 2370 Q
717 2304 758 2325 ex
779 2291 841 2324 Cit.
865 2294 917 2331 23,
939 2294 968 2329 1,
993 2292 1076 2333 quod
1098 2292 1195 2335 Koph
1221 2304 1292 2325 esse
1306 2304 1369 2325 non
1385 2300 1507 2336 potest,
1540 2299 1573 2324 et
1588 2299 1653 2324 tum
1668 2292 1818 2336 analogia
1833 2299 1898 2323 tum

272 2389 430 2430 sententia
465 2380 596 2430 iubente
638 2399 720 2432 Chet
756 2407 824 2439 est,
862 2400 1007 2441 quamvis
1038 2394 1277 2441 imperfectum3
1329 2401 1361 2442 2)
1393 2412 1412 2432 a
1442 2399 1600 2432 Dutensio
1639 2407 1671 2431 et
1699 2398 1896 2439 Lindbergio

273 2452 388 2486 multas
407 2454 528 2497 figuras
548 2456 588 2487 ad
611 2455 710 2498 Koph
733 2456 866 2495 referri,
907 2467 987 2499 quae
1009 2455 1116 2499 Aleph
1138 2458 1219 2496 sint,
1256 2468 1285 2489 v.
1309 2456 1398 2488 illam
1420 2456 1570 2488 litteram.

268 2592 270 2594 Ι
323 2554 348 2587 ο)
363 2557 403 2583 Eu
416 2558 480 2583 duas
494 2558 594 2584 litteras
606 2558 634 2584 in
647 2558 789 2592 alphabeto
801 2558 878 2584 iuxta
890 2566 919 2584 se
933 2558 1043 2592 positas,
1116 2567 1179 2593 Non
1196 2568 1266 2594 male
1295 2573 1382 2594 aunem
1411 2568 1511 2594 dixeris
1520 2588 1528 2602 ‚
1554 2561 1579 2606 q
1608 2568 1714 2600 sinciput
1733 2563 1887 2598 depingere,

274 2611 343 2636 quae
365 2611 440 2638 caput
458 2606 627 2641 significent,
654 2608 734 2641 Koph
753 2611 780 2633 et
797 2608 900 2639 Resch,
922 2612 948 2633 et
966 2616 1046 2641 supra

274 2652 355 2685 duas,
385 2661 452 2686 quac
475 2663 574 2680 manum
599 2659 819 2689 repraesentent,
846 2657 897 2682 ,1οᾶ
917 2660 943 2682 et
965 2657 1045 2689 Caph.
1115 2629 1166 2715 V
1195 2646 1302 2678 ‘'wilm''

1456 2716 1513 2743 ὅ.
