2242 2976
503 259 645 295 INSCR.
661 260 1045 294 PUNICo—NUMIDIC.
1067 261 1157 294 LVI.
1173 260 1458 294 THUGGENSIS
1474 261 1708 319 131L1NGUIS.
1853 266 1922 302 195

428 356 503 388 Lin.
525 359 544 389 7
576 363 720 388 extremo
749 341 858 388 verbo*
875 364 932 390 ἐκ
963 357 1083 398 (pater
1111 357 1222 395 meus)
1247 357 1440 398 respondent
1462 358 1523 388 tria
1544 357 1653 399 signa:
1703 359 1730 409 Ζ
1775 363 1816 404 Θ
1858 363 1924 405 Θ,

301 428 383 461 quae
405 419 514 449 nescio
537 428 577 448 an
600 426 664 449 *un
685 421 787 459 paler
807 427 894 448 meus
915 415 1052 459 legenda
1075 417 1148 448 sint.
1198 415 1249 447 De
1271 418 1365 459 signo
1388 418 1514 459 quidem
1539 423 1574 458 O
1597 416 1725 449 aliunde
1749 425 1835 449 certe
1858 429 1922 450 non

301 481 443 506 constat:
465 475 522 506 sed
535 473 651 506 similis
668 481 717 505 est
734 473 838 505 Theta
852 472 957 504 littera
970 472 1165 503 Phoenicum
1182 479 1214 504 et
1231 472 1444 510 Graecorum;
1467 483 1531 506 ’ωτι
1549 482 1654 505 autem
1675 475 1922 516 comparandum

248 559 252 569 ,
299 531 425 562 videtur
447 541 519 562 cum
540 531 706 562 tritissimo
730 529 786 561 illo
809 530 1089 571 onomatopoetico
1125 529 1221 560 Τι’ττα
1250 528 1309 570 (ΙΙ.
1331 534 1363 568 4,
1384 533 1468 570 412)
1492 538 1523 562 et
1551 531 1653 569 Tala,
1684 542 1746 573 quo
1765 535 1868 572 pater
1890 533 1924 563 in

302 586 410 618 multis
434 586 554 630 linguis
577 587 774 629 exprimitur.
817 586 924 618 Varro
946 597 995 628 ap.
1014 583 1098 617 Non.
1113 587 1143 623 2,
1159 588 1216 617 97:
1241 585 1347 623 Quum
1459 594 1574 618 vocent
1597 594 1729 619 matrem
1744 598 1925 627 mammam,

300 650 422 685 patrem
446 648 560 676 tatum.
607 642 736 674 Gruteri
756 644 853 674 inscr.
876 654 910 685 p.
925 645 986 674 662
1004 652 1054 672 no·
1073 644 1107 672 6:
1132 641 1492 684 ElpidiuehPamplu'lus
1507 644 1647 674 Platoni
1659 648 1752 676 tatae
1768 655 1826 676 suo
1844 644 1925 677 bene

299 703 441 732 merenti
456 700 568 739 fecit,
604 698 741 731 Martial.
773 700 871 742 epigr.
905 702 941 738 1,
973 701 1030 730 101
1062 703 1095 728 et
1124 699 1263 739 saepius.
1316 697 1412 730 Certe
1435 700 1468 731 in
1491 698 1627 738 litteris,
1666 711 1796 742 quarum
1818 700 1925 744 figura

296 755 419 797 Libyca
449 757 543 788 nobis
568 758 677 799 ignota
707 763 756 787 est
787 758 854 796 (N,
879 764 921 794 2,
947 765 984 794 Ἰ,
1009 766 1039 794 τ,
1066 764 1106 792 Π,
1130 757 1193 795 x),
1225 753 1311 786 nulla
1341 763 1407 792 est,
1437 767 1532 798 quam
1562 757 1666 798 aptius
1694 756 1859 788 adhibeas.
1883 778 1922 782 —

296 812 389 844 Haeo
411 813 473 845 duo
495 814 587 856 signa
606 814 639 843 iu
664 811 855 854 Templiano
878 820 909 844 et
930 811 1103 854 Borgianis
1126 813 1288 854 praecedit
1309 819 1379 850 =‚
1411 813 1444 843 in
1468 811 1650 844 Oxoniensi
1673 811 1798 854 plenius
1819 823 1872 850 =
1889 832 1896 844 .
1912 837 1921 854 ,

294 871 382 912 quod
401 870 515 909 filium
537 868 720 912 significare
744 869 901 908 vidimus,
935 876 966 900 et
989 868 1021 900 h.
1041 868 1063 902 l.
1092 870 1264 911 respondet
1295 870 1410 910 punico
1431 877 1478 910 7³.
1523 867 1615 906 Quae
1639 870 1703 900 iam
1726 877 1921 912 sequuntur:

245 924 250 931 ⁸
296 935 432 959 'abab
457 934 509 959 =
530 938 537 950 ¹
569 926 764 968 respondent
794 927 917 968 punicis
951 932 1038 959 *tona
1062 933 1121 959 272:
1151 933 1183 957 et
1213 924 1348 967 amplius
1382 924 1537 967 explicari
1561 936 1624 956 non
1647 933 1792 967 possunt.
1837 927 1922 960 Dein

294 993 354 1025 pro
374 984 457 1018 ’,ψ-973
480 984 513 1014 in
535 983 668 1023 Libycis
691 989 739 1013 est
760 992 845 1021 νῦν),
876 982 959 1023 quod
973 983 1077 1023 ipsum
1093 981 1283 1013 vocabulum
1302 981 1456 1012 Punicum
1474 981 1619 1020 videtur,
1640 983 1696 1013 sed
1712 983 1921 1016 decurtatum.
1943 978 1946 983 ¹

294 1039 357 1071 Pro
385 1039 517 1082 reliquis
541 1048 585 1074 a:
609 1046 655 1072 nxz)
678 1044 721 1081 70
744 1039 779 1072 ξι
803 1039 836 1069 in
867 1037 1000 1079 Libycis
1026 1041 1165 1080 primum
1195 1038 1307 1068 eadem
1336 1044 1485 1080 quattuor
1511 1039 1605 1079 signa
1632 1038 1733 1070 fuisse
1761 1041 1921 1080 videntur,

294 1106 376 1139 quae
405 1095 462 1127 lin.
488 1099 508 1128 6
537 1097 608 1127 init.
638 1098 741 1126 virum
772 1094 941 1133 notabant,
983 1094 1060 1125 dein
1090 1095 1186 1125 trium
1216 1093 1395 1125 litterarum
1425 1088 1635 1133 vocabulum,
1674 1095 1756 1136 qiiod
1784 1096 1921 1128 fortasse

288 1141 409 1195 purum
431 1152 580 1190 notabat,
607 1147 764 1192 incipiens
785 1161 804 1181 a
826 1164 894 1189 —,
924 1150 1006 1194 quod
1029 1152 1061 1181 in
1087 1151 1281 1193 aegyptiacis
1306 1150 1385 1182 Nun
1409 1157 1467 1182 est.
1512 1149 1557 1181 Ut
1578 1149 1633 1181 lin.
1655 1153 1672 1182 5
1698 1153 1846 1190 ineunte,
1876 1155 1921 1185 ita

294 1216 326 1241 et
349 1209 381 1241 h.
397 1209 435 1248 1.,
463 1219 544 1252 quae
568 1208 716 1250 longiore
732 1209 878 1239 oratione
894 1209 1134 1249 circumscripta
1150 1214 1241 1238 erant
1254 1208 1287 1238 in
1302 1207 1451 1245 Punicis,
1483 1208 1594 1248 paucis
1612 1208 1714 1249 iisque
1734 1208 1919 1251 vulgaribus

293 1266 400 1298 verbis
423 1276 577 1308 expressa
598 1266 746 1297 videntur
768 1267 801 1297 in
824 1265 967 1306 Libycis.

423 1338 486 1370 His
516 1340 561 1369 ita
591 1339 777 1381 disputatis,
817 1339 926 1380 paucis
958 1337 1283 1379 comprehendamus,
1323 1347 1403 1378 quae
1440 1337 1515 1368 inde
1546 1338 1585 1369 ad
1615 1338 1757 1379 Libycae
1789 1337 1919 1380 linguae

292 1397 530 1438 scripturaeque
552 1397 693 1426 rationes
716 1395 956 1437 cognoscendas
979 1393 1088 1436 colligi
1112 1395 1244 1435 possint.
1289 1394 1333 1426 Ut
1355 1405 1374 1425 a
1395 1398 1561 1436 scriptura
1584 1395 1763 1432 ordiamur,
1792 1402 1920 1437 praeter

294 1453 428 1494 siglam,
459 1463 539 1494 quae
561 1451 664 1483 filium
688 1458 793 1490 notat,
824 1451 1074 1493 quattuordecim
1096 1452 1166 1481 eius
1188 1449 1311 1482 litteras
1337 1450 1460 1490 Ga’mel,
1491 1451 1563 1488 He,
1598 1450 1674 1489 Tel,
1699 1450 1783 1489 Jod,
1818 1452 1919 1493 Caph,

293 1508 438 1547 Lumed,
467 1508 579 1546 Mem,
608 1506 762 1546 samech,
794 1508 883 1546 Am,
906 1507 996 1545 Plce,
1019 1506 1139 1548 Kopla,
1163 1506 1288 1545 Rescla,
1312 1505 1432 1552 Schae‘n,
1461 1507 1546 1545 Tau,
1580 1517 1712 1549 quarum
1735 1507 1919 1546 nonnullae,

292 1572 328 1596 ut
353 1564 461 1607 Caph,
489 1563 598 1606 plures
625 1563 747 1606 figuras
769 1563 888 1595 habere
912 1564 1062 1595 videntur
1084 1563 1177 1605 (vide
1200 1562 1263 1594 tab.
1286 1564 1367 1602 20),
1399 1562 1609 1605 probabiliter
1631 1564 1767 1594 assecuti
1790 1570 1917 1597 sumus‘:

293 1628 463 1664 supersunt
485 1621 552 1652 fere
576 1627 667 1659 octo,
701 1631 834 1663 quarum
857 1626 998 1662 potestas
1021 1619 1118 1650 dubia
1142 1626 1191 1650 est

500 1694 673 1736 —(n³)‚
715 1705 793 1729 -ι-
850 1701 910 1741 Ξ
969 1705 1022 1739 ι-ι
1077 1700 1104 1740 ιι
1161 1699 1255 1738 sxx
1306 1700 1402 1736 axx
1456 1691 1692 1740 1·1(Chet2)

293 1777 377 1808 unde
406 1780 532 1818 viginta·
556 1776 624 1807 fere
654 1777 790 1808 duarum
820 1775 997 1807 litterarum
1026 1773 1234 1815 alphabetum
1262 1773 1362 1805 fuisse
1393 1773 1537 1816 colligas.
1588 1774 1783 1807 Litterarum
1814 1777 1918 1809 forma

292 1830 529 1875 simplicissima
561 1840 626 1872 est,
663 1840 756 1874 atque
784 1832 817 1863 id
840 1833 945 1873 egisse
974 1831 1121 1862 videntur
1143 1829 1238 1861 huius
1263 1831 1438 1871 scripturae
1461 1838 1628 1870 auctores,
1659 1838 1692 1863 ut
1713 1834 1917 1873 paucissimis

292 1891 395 1932 iisque
428 1890 523 1920 rectis
553 1887 648 1920 lineis
677 1890 764 1920 varie
797 1887 959 1919 inclinatis
981 1886 1106 1918 litterae
1129 1879 1394 1929 exprimerentur.
1440 1885 1622 1919 Observata
1644 1895 1750 1920 autem
1773 1890 1917 1932 dignum,

290 1945 415 1978 litteras
445 1944 539 1976 nobis
571 1946 716 1987 cognitas
745 1943 912 1987 plerasque
942 1944 1087 1975 duriores
1117 1954 1205 1981 esse,
1239 1942 1422 1974 molliorum
1451 1943 1628 1975 litterarum
1662 1946 1723 1986 (a,
1756 1948 1798 1986 π)
1831 1954 1918 1978 certa

290 2003 428 2044 vestigia
460 2002 589 2039 deesse,
629 2002 674 2032 ita
702 2008 736 2032 ut
764 2000 842 2040 hae,
878 2002 1000 2042 pariter
1028 2007 1122 2042 atque
1151 2001 1183 2030 in
1207 1999 1351 2031 Etruscis
1380 2007 1411 2031 et
1434 1999 1614 2039 Umbricis,
1653 2003 1758 2033 minus
1783 2004 1917 2041 usitatae

289 2058 390 2090 fuisse
411 2058 589 2089 videantur.
633 2056 684 2088 De
707 2058 831 2100 origine
854 2057 949 2089 huius
972 2058 1148 2098 scripturae
1169 2064 1358 2098 quaerentes
1373 2058 1516 2088 instituta
1532 2068 1603 2088 cum
1620 2057 1916 2091 variislitteraturis

290 2115 528 2157 comparatione
557 2112 729 2145 nonnullas
758 2114 900 2155 Libycae
929 2115 1104 2156 scripturae
1134 2112 1257 2145 litteras
1285 2114 1464 2156 reperimus
1494 2112 1655 2145 enchoriis
1683 2113 1915 2157 Aegyptiorum

288 2170 406 2203 litteris
429 2170 571 2209 similes,
594 2169 683 2201 velut
700 2169 824 2209 (zimel,
846 2170 929 2209 Jod‚
956 2169 1064 2212 Caph,
1086 2170 1229 2208 Lamed,
1254 2169 1379 2207 Resclt,
1408 2169 1545 2200 fortasse
1562 2168 1642 2201 Nun
1663 2171 1757 2212 (vide
1773 2180 1915 2204 nostram

289 2226 468 2271 litterarum
490 2226 649 2265 tabulam,
680 2233 711 2258 et
732 2226 935 2270 Kosegarten
958 2228 998 2258 de
1023 2228 1127 2268 prisca
1147 2226 1379 2268 Aegyptiorum
1401 2225 1566 2257 literatura
1584 2237 1655 2269 pag.
1674 2230 1704 2258 8.
1720 2230 1750 2259 9.
1770 2231 1817 2259 10.
1834 2228 1913 2271 12),

291 2283 370 2315 alias
393 2283 543 2321 Graecis,
574 2282 659 2314 velut
683 2281 820 2315 samech
842 2282 946 2315 simile
970 2283 1081 2325 Signia
1102 2282 1228 2314 litterae
1249 2282 1463 2320 Graecorum,
1495 2281 1576 2314 alias
1597 2283 1734 2326 denique
1758 2284 1913 2324 Etruscis,

291 2338 391 2372 veluti
429 2340 539 2383 Caph,
577 2340 667 2380 ΡΙιε,
703 2339 812 2372 ΗεεοΙι
848 2339 943 2381 (vide
980 2339 1044 2370 tab.
1075 2342 1135 2378 20,
1170 2339 1224 2380 2):
1266 2338 1426 2370 malumus
1462 2346 1568 2370 tamen
1604 2350 1688 2371 nunc
1722 2341 1848 2383 quidem
1879 2343 1913 2373 in

292 2396 362 2436 his,
400 2407 481 2439 quae
518 2397 760 2429 observavimus
799 2397 1000 2438 acquiescere
1039 2403 1071 2427 et
1102 2396 1141 2427 ab
1173 2397 1358 2438 opinionum
1389 2397 1705 2439 coniecturarumque
1736 2398 1912 2428 temeritate

293 2452 473 2492 abstinere,
502 2454 604 2485 donec
627 2454 719 2484 novis
741 2452 877 2484 fortasse
900 2451 996 2483 huius
1019 2454 1193 2494 scripturae
1209 2454 1422 2485 monumentis
1439 2454 1471 2484 in
1488 2452 1593 2483 lucem
1610 2454 1778 2494 protractis
1796 2455 1911 2485 certius

294 2508 334 2539 de
357 2519 395 2540 ea
414 2510 548 2541 iudicari
569 2511 694 2552 poterit.
723 2528 766 2533 —
800 2508 966 2551 Linguam
989 2509 1022 2540 in
1047 2508 1124 2548 hac,
1156 2510 1195 2541 de
1218 2521 1279 2552 qua
1303 2511 1426 2552 agitur,
1455 2509 1675 2550 inscriptionis
1699 2515 1786 2550 parte
1808 2509 1912 2550 Liby-

289 2563 495 2606 phoeniciam
530 2566 755 2608 appellaverim
787 2573 819 2597 et
855 2567 918 2596 iam
945 2566 977 2596 in
1007 2566 1225 2608 superioribus
1255 2566 1391 2598 subinde
1423 2564 1598 2608 appellavi,
1635 2564 1911 2606 Libyphoenicum

295 2620 550 2662 (Λιβυφοινίκων
572 2634 598 2654 s.
623 2623 896 2665 Λιβυφοινίκων),
931 2633 1010 2664 quos
1038 2624 1206 2662 „mixtum
1229 2623 1384 2656 Punicum
1407 2622 1495 2655 Afris
1523 2632 1625 2663 genus
1636 2624 1658 2639 “
1688 2627 1778 2651 vocat
1798 2620 1910 2653 Livius

1455 2684 1494 2712 25
1519 2683 1533 2698 *
