2242 2976
742 268 1095 302 PALAEOGRAHIA
1118 267 1405 302 COMPARATA.
1493 285 1498 288 ·
1839 275 1885 307 63

259 364 370 406 (eidus
392 363 500 406 tuum)
530 364 564 395 in
597 362 671 396 aliis
701 365 772 396 eius
801 363 946 406 regionis
976 363 1178 395 numismatis
1206 362 1406 405 frequentata
1436 363 1593 405 suspicari
1617 362 1744 406 quidem
1767 364 1883 404 possis,

258 420 346 453 illam
370 420 457 453 Zain
480 431 570 459 esse,
606 419 758 463 illamque
779 431 890 452 vocem
918 427 994 454 ’nm
1017 420 1108 451 eidus
1128 430 1230 451 meum
1249 417 1440 462 legendum:
1470 420 1527 451 sed
1552 420 1586 451 in
1611 429 1699 451 mera
1723 418 1784 450 hoc
1807 429 1884 450 con-

258 479 380 509 iectura
402 479 541 519 positum
565 484 668 516 esset,
695 478 758 509 nisi
780 478 859 508 satis
891 482 1069 515 constaret,
1099 475 1296 508 Graecorum
1320 475 1401 508 Zeta
1430 487 1449 508 a
1477 475 1694 508 Phoenicibus
1718 482 1883 518 acceptum

257 538 401 568 eiusdem
438 536 561 568 formae
595 537 611 585 (
627 537 667 583 Σ
700 534 761 579 Ζ)
797 543 887 568 esse:
923 534 1009 566 unde
1041 541 1128 566 reete
1158 534 1268 577 colligi
1302 541 1424 577 potest,
1463 537 1560 567 etiam
1591 536 1675 578 apud
1704 534 1884 567 Phoenices

258 595 358 635 hanc,
386 606 450 627 uon
475 597 511 634 Ι,
542 597 795 637 antiquissimam
818 596 888 626 eius
910 592 1037 625 litterae
1058 593 1195 637 figuram
1219 594 1330 627 fuisse.
1382 593 1454 638 (Cf.
1484 595 1524 626 ad
1550 596 1578 633 §-
1603 598 1642 626 18
1671 601 1703 626 et
1732 604 1814 637 quae
1843 594 1884 625 de

257 654 437 687 litterarum
467 654 711 687 Phoeniciarum
741 653 886 692 Dotem,
928 653 1016 692 Vav,
1052 653 1126 686 Phe
1157 655 1265 686 nativa
1297 653 1402 697 figura
1431 654 1514 696 apud
1546 653 1687 686 Graecos
1715 654 1884 695 superstite

257 711 544 743 animadvertimus
566 711 606 743 ad
628 712 656 749 ς.
679 712 730 743 15.
755 713 804 744 17.
828 709 900 750 28).

384 778 421 811 In
451 780 547 811 inser.
577 778 716 820 Erycina
743 777 848 821 figura
882 763 926 830 Η
966 755 1014 828 Η
1059 775 1134 809 Nun
1165 784 1230 816 est,
1267 777 1350 819 quod
1382 777 1499 809 dudum
1529 777 1605 808 vidi.
1661 777 1726 809 Sed
1755 778 1885 820 egregie

257 837 337 870 mihi
361 837 444 870 hanc
464 838 591 870 litterae
614 845 804 881 potestatem
828 837 1030 870 confirmavit
1053 837 1231 878 scripturae
1255 836 1409 869 Etruscae
1432 843 1464 868 et
1480 835 1584 868 Oscae
1603 837 1775 867 auctoritas
1797 836 1884 876 (vid.

257 894 321 926 tab.
344 895 404 936 2),
435 895 520 927 unde
543 895 602 927 has
624 895 745 926 formas
768 896 863 926 etiam
886 893 1019 926 Graecis
1042 899 1075 923 et
1097 891 1312 925 Phoenicibus
1335 891 1411 924 olim
1434 900 1526 925 notas
1549 893 1649 924 fuisse
1673 891 1801 935 colligo.

387 950 511 984 Contra
537 950 736 983 Boeckhium
767 952 801 983 in
832 951 1042 993 sagacissima
1071 946 1156 980 tituli
1190 948 1331 981 Crissaei
1358 951 1619 991 interpretatione
1647 948 1763 992 (Corp.
1787 950 1884 980 inscr.

256 1017 295 1066 Τ.
311 1018 337 1050 Ι.
356 1029 386 1061 p.
402 1018 488 1051 XXI
500 1026 532 1050 et
546 1030 619 1062 pag.
636 1019 677 1060 2)
700 1019 844 1050 videmus
861 1017 998 1061 figuram
1035 997 1075 1072 Ἷ
1087 993 1124 1075 Ξ
1154 1019 1188 1049 in
1203 1016 1308 1059 lapide
1324 1017 1374 1049 bis
1389 1017 1517 1049 obviam
1533 1018 1711 1049 restituisse
1727 1019 1758 1048 in
1806 999 1867 1067 Ἡ

254 1080 276 1111 i.
293 1072 322 1111 ο.
341 1078 392 1117 H,
414 1078 498 1121 quod
515 1079 554 1110 ad
571 1084 754 1110 contextum
771 1079 900 1121 egregie
919 1079 1195 1110 accommodatum
1215 1083 1275 1108 est.
1320 1076 1384 1109 Sed
1401 1076 1482 1108 nihil
1498 1083 1652 1108 mutasset
1664 1078 1713 1107 vir
1727 1088 1883 1115 summus,

255 1136 283 1167 si
306 1136 389 1168 scire
411 1126 586 1178 potuisset,
615 1136 710 1166 etiam
733 1135 816 1176 apud
839 1134 1016 1167 Phoenices
1038 1133 1179 1167 litteram
1203 1133 1286 1165 Chet
1308 1133 1370 1176 (=
1386 1133 1442 1176 H)
1464 1144 1530 1166 non
1551 1144 1625 1165 raro
1648 1134 1693 1164 ita
1715 1134 1826 1176 pingi,
1850 1139 1884 1164 ut

255 1191 379 1225 duabus
401 1191 543 1234 partibus
566 1198 712 1223 constare
735 1191 897 1230 videatur,
927 1201 956 1223 v.
981 1193 1008 1230 §.
1026 1194 1083 1231 18,
1106 1192 1176 1234 Fig.
1194 1194 1221 1223 3.
1234 1194 1266 1222 4.
1281 1193 1312 1222 5.

381 1247 472 1280 Illam
510 1249 609 1291 igitur
644 1247 758 1279 harum
793 1246 970 1279 litterarum
1006 1249 1276 1290 comparationem
1306 1248 1350 1278 ita
1378 1247 1600 1283 instituemus,
1639 1251 1674 1276 ut
1703 1246 1816 1287 partim
1846 1256 1884 1276 ea

259 1305 437 1347 scripturae
465 1315 586 1347 genera
615 1305 693 1349 sive*
715 1303 885 1335 orientalia
913 1310 987 1336 sunt
1019 1305 1088 1336 sive
1112 1302 1340 1342 occidentalia,
1368 1296 1457 1346 ‘quae
1481 1301 1533 1332 vel
1555 1313 1597 1333 ex
1618 1302 1687 1344 ipsa
1709 1301 1884 1334 Phoenicia

256 1368 358 1393 matre
379 1367 449 1392 orta
471 1367 545 1392 sunt
566 1359 618 1391 vel
641 1367 724 1391 certe
748 1371 812 1391 non
838 1371 955 1402 magno
978 1362 1082 1402 spatio
1103 1361 1143 1392 ab
1167 1371 1206 1391 ea
1229 1361 1366 1398 distant,
1397 1357 1516 1390 tabulis
1538 1364 1815 1399 repraesentemus
1840 1358 1880 1390 ad

256 1416 417 1459 alphabeti
439 1416 604 1447 Phoenicii
627 1416 772 1447 ordinem
795 1415 957 1458 dispositis
980 1415 1063 1458 (tab.
1081 1415 1193 1458 2-5)
1214 1415 1428 1458 brevibusque
1451 1415 1688 1446 commentariis
1705 1413 1879 1453 historicis,

255 1473 419 1505 litterariis
442 1479 474 1503 et
495 1471 771 1514 palaeographicis
792 1471 988 1504 illustremus
1011 1472 1250 1514 (§.45—55):
1278 1473 1396 1514 partim
1419 1469 1616 1513 singularum
1635 1469 1813 1501 litterarum
1837 1481 1879 1502 ex

255 1529 369 1561 litteris
398 1528 581 1560 Phoeniciis
618 1529 775 1571 originem
813 1535 1026 1560 monstremus
1063 1537 1236 1570 earumque
1265 1528 1357 1569 quasi
1386 1533 1553 1558 stemmata
1581 1526 1800 1557 describamus
1837 1537 1878 1558 ex

256 1585 440 1617 Phoeniciis
468 1585 581 1616 formis
611 1591 761 1627 tanquam
784 1586 891 1627 gentis
912 1583 1095 1616 auctoribus
1115 1583 1225 1615 ducta:
1254 1594 1348 1626 quam
1371 1584 1498 1626 quidem
1521 1583 1729 1624 posteriorem
1753 1581 1880 1623 palaeo-

253 1641 407 1685 graphiae
439 1647 641 1683 comparatae
672 1648 794 1683 partem
817 1651 881 1672 non
904 1640 966 1672 hoc
987 1642 1090 1683 capite
1112 1646 1207 1682 atque
1230 1650 1374 1671 seorsum
1407 1646 1561 1677 tractare,
1598 1638 1655 1669 sed
1686 1639 1807 1670 nostris
1839 1639 1878 1670 de

253 1697 389 1741 singulis
408 1697 524 1729 litteris
546 1697 723 1739 phoeniciis
745 1698 984 1729 commentariis
1015 1698 1061 1739 (ς.
1084 1697 1239 1738 12-33)
1270 1693 1432 1728 corollarii
1453 1694 1525 1727 loco
1548 1696 1724 1737 adiungere
1747 1694 1876 1737 placuit,

253 1761 288 1786 ut
308 1755 465 1797 integram
487 1753 687 1796 singularum
708 1753 886 1785 litterarum
912 1753 1078 1785 historiam
1101 1754 1133 1784 in
1158 1759 1329 1795 conspectu
1354 1753 1490 1795 positam
1513 1751 1670 1783 haberent
1691 1750 1838 1783 lectores.

381 1809 412 1842 A
441 1809 538 1841 simili
566 1809 689 1852 Koppii
718 1809 854 1842 consilio
884 1809 1022 1852 (Bilder
1043 1809 1111 1841 und
1132 1808 1305 1848 Schriften
1329 1808 1382 1848 11,
1415 1820 1445 1851 p.
1466 1810 1527 1840 375
1550 1808 1636 1850 sqq.)
1667 1807 1747 1839 haec
1770 1814 1878 1839 nostra

253 1867 334 1899 ratio
357 1866 480 1898 duabus
503 1867 643 1897 maxime
666 1865 762 1898 rebus
784 1865 901 1897 differt.
941 1865 1010 1898 Nos
1026 1866 1111 1898 enim
1125 1867 1315 1907 scripturam
1335 1865 1536 1908 phoeniciam
1553 1865 1657 1906 potius
1675 1863 1877 1902 illustranti,

253 1935 347 1967 quam
365 1924 547 1954 universam
565 1921 844 1965 palaeographiam
875 1924 1054 1954 semiticam
1074 1921 1355 1965 comprehensuri,
1380 1923 1487 1953 omnia
1507 1932 1546 1952 ea
1567 1922 1742 1963 scripturae
1759 1931 1878 1962 genera

252 1979 428 2014 omittenda
451 1980 653 2021 putavimus,
683 1989 764 2021 quae
787 1980 882 2011 nimis
907 1977 1005 2021 longo
1028 1977 1198 2010 intervallo
1221 1989 1240 2009 a
1262 1985 1362 2010 matre
1385 1985 1506 2009 remota
1523 1984 1619 2016 sunt,
1643 1988 1737 2019 quam
1756 1984 1790 2008 ut
1803 1976 1877 2008 huic

251 2035 460 2068 illustrandae
478 2036 633 2067 inservire
648 2036 786 2077 possint:
810 2041 923 2066 contra
942 2046 1016 2066 vero
1034 2046 1089 2067 eas
1105 2034 1314 2074 litteraturas,
1337 2045 1416 2077 quas
1432 2034 1626 2066 Phoeniciae
1634 2033 1735 2072 filias·
1749 2042 1878 2075 neptes-

252 2103 312 2135 que
334 2097 415 2124 natu
438 2094 600 2123 maxima-s·
624 2102 740 2123 vocare
760 2093 883 2134 possis,
922 2090 997 2123 licet
1018 2102 1083 2123 non
1108 2090 1313 2130 orientales,
1349 2089 1448 2122 veluti
1471 2090 1627 2122 Graecam
1650 2086 1875 2133 antiquiorem,

252 2149 437 2187 Etruscam,
467 2147 652 2180 Umbricam
676 2153 737 2180 cet.
766 2159 785 2179 a
808 2147 936 2190 Koppio
958 2147 1051 2191 plane
1074 2147 1255 2191 neglectas,
1292 2159 1349 2190 pro
1379 2148 1481 2179 nostri
1510 2146 1636 2179 consilii
1658 2148 1782 2179 ratione
1804 2145 1875 2178 dili·

251 2207 377 2247 gentius
400 2206 614 2236 tractavimus.

1005 2257 1033 2294 §-
1063 2258 1115 2288 45.

482 2324 858 2356 Litteraturarum
889 2333 941 2355 esc
974 2323 1207 2366 phoenicia
1240 2327 1429 2354 oritarum
1464 2327 1642 2354 stemma.

336 2401 514 2443 Praecipua
530 2409 636 2432 autem
652 2402 828 2443 scripturae
842 2411 962 2442 genera
976 2411 1017 2431 ex
1033 2407 1133 2432 matre
1156 2399 1329 2432 Phoenicia
1345 2400 1495 2442 deinceps
1510 2406 1666 2442 prognata
1681 2398 1760 2430 haec
1784 2404 1872 2429 sunt:

379 2456 419 2498 A)
445 2460 672 2500 antiquissima
694 2456 893 2488 Graecorum
908 2460 1074 2499 scriptura
1099 2457 1149 2498 (ᾗ.
1163 2457 1340 2498 46-48),
1374 2457 1407 2487 in
1431 2467 1493 2498 qua
1515 2456 1752 2497 antiquissimas
1776 2461 1871 2495 atque

256 2514 376 2545 nativas
398 2513 594 2546 Phoenicum
622 2513 745 2545 litteras
767 2520 910 2545 servatas
934 2524 1005 2544 esse
1028 2524 1125 2555 supra
1148 2513 1390 2551 observavimus
1420 2512 1463 2554 (ξ,
1492 2515 1542 2544 15.
1572 2515 1621 2543 17.
1647 2514 1695 2542 18.
1719 2509 1799 2550 28),
1836 2514 1872 2538 ut

256 2570 324 2600 iure
351 2580 410 2601 suo
441 2569 554 2602 harum
584 2580 728 2602 sororum
760 2576 836 2601 natu
865 2571 1005 2602 maxima
1034 2576 1174 2601 vocetur.
1218 2569 1269 2601 Ex
1292 2580 1331 2600 ea
1355 2569 1504 2610 deinceps
1527 2572 1715 2600 emanarunt
1737 2566 1870 2596 Etrusca

255 2626 345 2667 (cum
368 2624 537 2666 Umbrica,
559 2626 662 2665 Osca,
687 2625 897 2668 Celtiber-ica)
921 2634 953 2658 et
976 2633 1066 2658 vetus
1089 2625 1234 2658 Romana
1257 2626 1303 2667 (ξ.
1320 2625 1391 2665 49).
