2242 2976
349 259 421 295 102
474 255 605 288 LIBER
620 253 867 288 SECUNDUS.
912 251 1253 286 lecmPTIONES
1268 252 1553 288 PHOENICIAE.
1596 254 1744 288 CAPUT
1759 254 1948 287 PRIMUM.

347 350 487 392 disputat
514 347 714 380 Boeckhius:
752 347 817 384 „in
846 347 887 377 iis
913 347 993 389 ipsis
1025 354 1130 380 autem
1162 368 1189 379 ..
1213 345 1310 390 longe
1332 347 1445 380 absum
1467 347 1508 380 ab
1531 358 1642 381 eorum
1663 335 1812 388 levitate,
1850 351 1904 393 qui
1926 360 1968 381 ex
2029 371 2031 373 -

347 408 522 448 scripturae
552 404 677 436 ratione
706 403 955 445 uniuscuiusque
982 404 1202 445 inscriptionis
1230 411 1355 446 tempus
1382 405 1428 436 ita
1457 404 1621 447 designari
1650 415 1747 447 posse
1775 413 1902 448 putent,
1934 413 1970 437 ut

347 462 479 493 alteram
509 459 609 491 altera
639 458 690 489 vel
718 459 921 490 vetustiorem
954 458 1004 490 vel
1035 461 1245 492 recentiorem
1275 471 1347 492 esse
1372 459 1590 502 intelligamus
1758 461 1854 494 Enim
1890 472 1968 494 vero

346 520 438 550 istam
462 517 572 548 iudicii
596 515 867 559 perspicacitatem
891 516 1019 547 nonnisi
1043 516 1065 547 ii
1089 515 1152 548 sibi
1175 517 1367 561 vindicatum
1385 524 1479 557 eunt,
1508 517 1562 561 qui
1577 527 1688 550 recena
1703 519 1735 550 in
1748 517 1815 550 'boc
1829 518 1968 551 studium

347 573 546 606 involarunt:
571 570 671 603 multo
694 572 726 602 in
750 569 806 602 illa
829 582 863 603 re
886 572 1010 603 cautior
1032 571 1092 604 fuit
1106 563 1216 614 Scipio
1230 571 1402 615 Mafl'ejus,
1425 574 1479 617 qui
1493 584 1590 616 quum
1605 572 1724 606 multos
1738 574 1770 605 in
1786 574 1970 617 inscriptio-

347 630 441 663 nibus
463 628 631 660 versandi·
653 638 755 659 annos
779 629 1027 667 consumsisset,
1051 628 1186 668 fatetur,
1209 639 1410 661 communem
1433 630 1558 672 quidem
1581 636 1614 661 et
1632 640 1653 661 a
1667 640 1703 662 se
1717 630 1969 672 saepe‘auditam

345 685 537 719 sententiam
558 695 652 723 esse,
677 683 793 715 Graeci
816 685 1013 716 monumenti
1032 686 1189 728 scriptura
1204 686 1348 728 inspecta
1363 684 1501 729 intelligi
1515 685 1625 728 probe,
1648 696 1723 719 num
1739 693 1813 718 ante
1828 684 1971 719 Alexan·

344 743 436 775 drum
458 752 498 773 ea
518 752 559 773 an
580 748 692 784 postea
714 742 866 772 marmori
891 739 1050 783 insculpta
1070 741 1182 774 fueritt
1212 740 1276 774 sibi
1297 748 1404 773 tamen
1425 741 1599 774 identidem
1615 741 1695 774 haec
1711 742 1920 786 perpendenti
1934 752 1972 775 ac

345 803 552 830 monumenta
583 798 664 829 varii
686 798 815 840 generis
839 795 1044 839 perlustranti
1067 798 1283 831 incertissima
1307 799 1377 830 visa
1395 808 1468 830 esse
1489 799 1599 830 omnia
1622 797 1854 842 fallacibusque
1878 809 1972 842 regu—

346 855 387 887 lis
408 853 544 897 plena.“

1138 920 1179 952 11.

729 960 1224 1023 MELITENSIS
1266 990 1586 1029 ALTERA.

474 1082 502 1110 1.
548 1076 687 1119 Reperta
711 1082 761 1107 est
781 1074 860 1107 baec
883 1076 1049 1119 inscriptio
1072 1088 1157 1109 anno
1179 1080 1257 1109 1761
1291 1079 1324 1110 ἱη
1347 1079 1479 1121 regione
1493 1077 1626 1110 Melitae
1642 1077 1767 1110 insulae
1785 1077 1846 1111 Bin
1868 1078 1923 1111 Isa
1944 1090 1973 1112 s.

345 1135 447 1168 Ghisa
463 1135 563 1172 dictu,
588 1132 643 1164 ubi
658 1134 691 1164 iu
711 1141 847 1163 caverna
862 1131 1030 1175 sepulcrali
1049 1132 1197 1172 latuerat,
1221 1141 1254 1165 et
1266 1144 1366 1177 usqne
1383 1135 1422 1166 ad
1443 1145 1561 1166 annum
1581 1137 1664 1166 1810
1678 1142 1711 1166 et
1729 1136 1814 1178 quod
1830 1136 1973 1167 excurrit

348 1202 446 1235 penes
476 1188 666 1222 Melitenses
695 1188 795 1220 fuisse
825 1189 958 1220 videtur.
1012 1189 1166 1232 Migravit
1194 1196 1307 1232 postea
1335 1191 1368 1222 in
1398 1189 1620 1223 collectionem
1642 1201 1748 1223 rerum
1771 1191 1994 1233 antiquarum-

348 1248 560 1280 Parisieusem
584 1244 732 1287 (cabinet
751 1245 807 1276 des
829 1245 1015 1287 antiques),
1046 1245 1100 1277 ubi
1122 1248 1298 1278 etiamnum
1321 1252 1445 1286 exstat,
1483 1247 1541 1279 sed
1563 1257 1583 1278 a
1605 1248 1737 1279 sinistra
1757 1254 1849 1290 parte
1870 1247 1973 1280 fracta

348 1310 381 1335 et
397 1302 553 1336 mutilata.
596 1300 679 1333 Tres
701 1302 770 1332 eius
793 1300 1025 1333 delineationes
1048 1301 1223 1341 habentur,
1246 1313 1359 1334 omnes
1382 1313 1422 1334 eo
1444 1310 1586 1346 tempore
1606 1303 1733 1342 factae,
1762 1314 1827 1347 quo
1846 1299 1973 1347 integer

348 1365 516 1402 supererat
549 1357 640 1400 lapis.
693 1355 799 1389 Unam
829 1368 848 1388 a
879 1357 1052 1390 Francisco
1074 1358 1159 1401 Agio
1181 1359 1221 1391 de
1244 1358 1413 1398 Soldanis,
1443 1358 1657 1392 bibliothecae
1682 1359 1862 1392 Melitensis
1884 1369 1975 1403 prae·

347 1416 448 1453 fecto,
478 1421 642 1456 acceptam
665 1413 750 1445 dedit
772 1411 872 1444 CAsr.
891 1423 935 1444 m:
949 1412 1179 1446 Tonazmuzzt
1200 1416 1234 1446 in
1250 1414 1346 1447 Sics‘l.
1362 1419 1529 1459 inecriptt.
1557 1419 1642 1448 1769
1664 1427 1695 1459 p.
1713 1419 1786 1448 293.
1829 1414 1973 1448 Alteram

348 1484 367 1504 a
392 1471 529 1508 Venuti,
560 1470 686 1501 Abbate
709 1477 741 1500 et
762 1471 942 1512 antiquario
964 1469 1126 1508 Romano,
1157 1469 1219 1502 sibi
1242 1472 1373 1503 missam
1396 1471 1530 1504 exhibet
1552 1472 1600 1504 Io.
1624 1473 1781 1504 Swrmos
1797 1473 1830 1504 in
1845 1471 1970 1504 Pla-‘102⁴

355 1528 587 1560 Transacecom
616 1525 656 1556 T.
683 1525 769 1556 Llll.
800 1525 863 1556 tab.
889 1529 927 1558 17
950 1526 1000 1558 ed.
1024 1526 1128 1558 Lond.
1151 1527 1191 1558 ad
1214 1538 1333 1558 annum
1357 1530 1439 1560 1763
1463 1528 1514 1570 (p.
1538 1531 1601 1560 146
1621 1529 1671 1560 ed.
1696 1527 1847 1570 Viteb.)‚
1875 1539 1970 1571 quam

350 1583 475 1626 repetiit
491 1584 522 1613 in
547 1583 652 1612 minus
678 1588 872 1612 contractant
896 1581 997 1624 Kopp
1019 1581 1155 1623 (Bclder
1176 1583 1244 1614 und
1265 1582 1438 1622 Schriften
1462 1583 1476 1615 1
1499 1595 1529 1626 p.
1554 1587 1615 1617 250
1629 1588 1647 1615 ⁸.
1691 1583 1836 1616 Tertiam
1859 1585 1970 1617 itidem

349 1640 482 1672 minoris
516 1636 638 1669 moduli
667 1647 685 1668 a
713 1636 877 1669 Bardonio
908 1637 1132 1670 Panormitano
1164 1646 1327 1681 acceptam
1357 1640 1456 1672 edidit
1493 1640 1546 1672 Sir
1578 1640 1747 1672 Wrnmsu
1778 1639 1970 1673 Dnuumonn

350 1698 383 1728 in
405 1693 575 1737 opusculo,
608 1694 660 1725 cui
690 1694 889 1725 inscribitur:
927 1694 983 1726 An
1006 1704 1100 1736 θυαμ
1121 1704 1162 1726 on
1190 1706 1212 1727 a
1236 1699 1339 1738 punio
1368 1699 1565 1740 incription
1583 1697 1699 1736 found
1719 1700 1755 1729 in
1777 1697 1832 1729 the
1854 1697 1974 1730 leland

350 1752 393 1791 ef
409 1751 530 1783 Malea.
576 1749 627 1790 By
649 1748 707 1781 Sir
736 1749 882 1782 Wt‘lla‘am
906 1749 1114 1782 Drama-ond.
1149 1751 1286 1784 London
1311 1755 1404 1784 1810.
1425 1757 1456 1784 4.

479 1805 604 1838 Novam
627 1806 741 1848 lapidis
765 1805 1030 1845 delineationem,
1053 1814 1087 1838 ut
1110 1818 1194 1839 nunc
1209 1798 1342 1840 Parisiis
1357 1815 1473 1847 exstat,
1496 1807 1759 1852 Hohlenbergins
1774 1811 1861 1842 misit
1875 1813 1970 1850 182⁶,

351 1865 403 1897 cui
426 1874 527 1904 nuper
550 1861 594 1893 ill.
618 1861 780 1894 Rochettii
802 1861 959 1895 beneficio
973 1865 1108 1896 accessit
1120 1874 1275 1906 gypseum
1290 1865 1435 1897 eiusdem
1449 1873 1594 1908 ectypum
1610 1877 1629 1898 a
1646 1865 1811 1899 Schultzio
1827 1868 1971 1899 missurn.

352 1919 459 1958 Quum
481 1919 611 1949 maioris
635 1917 756 1950 moduli
777 1921 819 1949 sit
841 1929 999 1958 marmor,
1037 1931 1132 1962 quam
1154 1928 1188 1952 ut
1211 1931 1319 1952 veram
1341 1922 1413 1952 eius
1435 1922 1685 1964 magnitudinem
1714 1930 1842 1964 caperet
1864 1924 1974 1965 operia

352 1977 452 2009 nostri
481 1974 601 2012 ronna,
633 1974 800 2016 idemque,
839 1983 874 2007 ut
911 1976 1070 2014 diximus,
1112 1987 1132 2008 a
1165 1978 1296 2009 sinistra
1330 1983 1418 2018 parte
1451 1987 1599 2009 mancum
1636 1979 1696 2016 sit,
1733 1978 1972 2020 inscriptionem

351 2030 529 2075 paullulum
543 2031 762 2062 contraximus
777 2037 810 2062 et
825 2031 864 2062 ad
880 2031 1095 2064 Swintoniani
1110 2032 1249 2074 exempli
1272 2033 1379 2075 (quod
1397 2033 1494 2065 trium
1509 2034 1649 2075 priorum
1664 2035 1971 2076 praestantissimum

350 2090 419 2129 est)
444 2097 626 2118 mensuram
648 2088 884 2124 revocavimus3
909 2086 959 2119 bis
978 2098 1059 2130 quae
1082 2098 1167 2120 nunc
1189 2088 1305 2120 desunt
1327 2099 1369 2121 ex
1392 2089 1505 2120 eodem
1527 2088 1699 2132 suppletis,
1721 2091 1767 2122 ita
1787 2096 1912 2128 tamen,
1937 2096 1972 2122 ut

351 2144 529 2177 accuratius
558 2143 810 2185 distinguantur,
851 2154 931 2186 quae
966 2154 987 2175 a
1014 2143 1108 2176 nobis
1141 2145 1174 2176 in
1204 2155 1363 2179 marmore
1390 2146 1476 2184 visa,
1513 2156 1594 2188 quae
1623 2157 1644 2178 a
1672 2145 1839 2179 Swintone
1860 2153 1970 2179 mutuo

351 2206 481 2243 accepta
509 2200 585 2231 sint.
635 2198 742 2230 Frusti
772 2201 956 2243 superstitis
984 2210 1061 2233 vera
1087 2199 1255 2244 longitudo
1282 2208 1331 2233 est
1359 2204 1379 2234 9
1401 2201 1573 2244 digitorum
1594 2212 1762 2235 mensurae
1783 2201 1970 2240 Rhenanae,
2024 2237 2031 2249 s

351 2255 485 2292 altitudo
507 2258 528 2287 8
551 2254 740 2297 digitorum:
764 2256 797 2287 in
820 2255 1004 2298 apographo
1026 2263 1136 2289 nostro
1157 2256 1214 2289 illa
1235 2260 1273 2296 7,
1306 2257 1388 2291 baec
1408 2258 1451 2301 δί
1472 2258 1590 2300 digitos
1612 2258 1718 2291 habet.

479 2310 572 2351 Quae
595 2311 679 2353 apud
702 2311 899 2344 Swintonem
922 2314 1028 2346 minus
1043 2312 1126 2345 bene
1141 2314 1226 2355 picta
1239 2315 1322 2353 sint,
1346 2315 1386 2347 ad
1403 2313 1628 2347 nonnullarum
1641 2314 1819 2347 litterarum
1828 2312 1971 2356 ,figuram

352 2375 513 2411 spectant,
541 2374 728 2410 potestatem
751 2378 860 2399 earum
884 2379 947 2400 non
971 2376 1120 2411 tangunt:
1144 2370 1228 2412 quod
1251 2371 1326 2413 quid
1349 2372 1411 2409 sit,
1433 2370 1484 2403 vel
1505 2381 1550 2403 ex
1569 2372 1610 2402 iis
1618 2394 1628 2410 ,
1651 2381 1732 2414 quae
1747 2381 1790 2403 ex
1805 2370 1971 2402 Swintone

351 2423 589 2468 supplevimus,
628 2422 765 2466 intelligi
796 2431 909 2466 potest.
959 2425 1102 2457 Pertinet
1129 2426 1190 2458 hoc
1219 2428 1420 2468 potissimum
1450 2427 1493 2459 ad
1518 2426 1639 2470 figam
1669 2426 1753 2461 Che!
1785 2434 1816 2458 et
1844 2425 1973 2458 Laned

352 2480 548 2519 litterarum,
582 2491 716 2522 quarum
738 2479 795 2512 illa
815 2479 903 2521 lyrae
925 2481 993 2512 fere
1015 2482 1150 2514 formam
1171 2483 1270 2515 refert
1290 2484 1373 2525 apud
1395 2483 1610 2522 Swiatoaenr,
1632 2482 1713 2515 haec
1734 2482 1818 2525 apud
1834 2483 1971 2516 eundem

352 2549 425 2569 crus
454 2536 550 2575 babet
579 2536 750 2571 rotundum
786 2537 819 2568 in
845 2537 973 2569 modurn
1003 2536 1075 2569 Tau
1102 2537 1245 2577 litterae,
1286 2551 1381 2581 quum
1413 2546 1678 2573 revera-rectum
1706 2541 1758 2571 sit.
1810 2538 1909 2570 Plura
1937 2540 1970 2571 in

351 2592 565 2625 Drummondi
593 2591 742 2635 exemplo
770 2591 1036 2635 reprehendenda
1064 2600 1157 2632 sunt,
1185 2594 1273 2627 velut
1294 2595 1349 2628 He
1369 2595 1495 2630 littei-se
1521 2594 1629 2638 figura
1650 2607 1752 2638 paene
1775 2602 1969 2638 portentosa.
