2242 2976
392 261 443 300 34
500 261 631 295 LIBER
654 260 828 294 PRIMUS.
871 258 1246 294 PALAEOGRAPHIA
1267 261 1524 296 PnossNlclA.
1551 263 1716 299 ‘CAPUT
1737 265 1955 299 TERTIUM.

394 367 483 388 num.
510 355 640 388 Heracl.
666 356 704 389 A.
727 357 765 389 B.
787 355 888 387 Laod.
912 353 1014 386 Vacc.
1037 353 1079 386 al.
1123 354 1170 387 Ita
1192 355 1289 398 igitur
1310 356 1435 390 Lamed
1465 358 1573 391 differt
1594 369 1614 391 a
1636 358 1712 392 Nun
1733 359 1858 400 littera,
1887 369 1921 393 ut
1943 359 2018 394 Nun

394 412 499 444 femur
523 413 639 445 habeat
661 424 753 444 crure
774 411 924 451 brevius,
945 411 986 442 ad
1011 421 1168 442 summum
1193 411 1296 445 femur
1318 421 1350 446 et
1371 425 1445 446 crus
1467 415 1611 447 eiusdem
1633 414 1860 459 longitudinis3
1885 416 2018 454 Lamed‚

393 476 427 500 ut
449 469 607 507 diximus,
640 468 744 499 femur
766 478 858 499 crure
877 466 1027 510 longius:
1061 467 1094 498 id
1123 468 1207 509 quod
1238 467 1377 502 dilucide
1407 471 1523 503 docent
1550 478 1583 503 et
1604 479 1678 504 ante
1702 472 1812 505 oculos
1835 470 1959 516 ponunt
1981 484 2019 504 ea

393 524 551 568 exempla,
566 525 598 556 in
611 524 727 567 quibus
735 524 856 556 aned
865 521 978 557 etNun
993 524 1085 554 iuxta
1099 524 1202 566 posita
1214 535 1320 568 genna
1334 527 1455 560 habent
1467 528 1578 560 eadem
1594 527 1773 567 altitudine,
1789 535 1825 560 ut
1832 527 1975 570 Melini,
1985 532 2020 561 1:

963 576 1239 749 4⁷45&
1285 647 1475 683 Μ,

519 756 625 800 Atque
646 757 726 790 haec
748 759 790 791 de
812 763 982 805 utriunque
1004 763 1140 795 litterae
1163 762 1352 794 da‘ecrz’sn’ne
1373 760 1432 792 lex
1453 769 1474 791 a
1495 757 1624 802 Koppio
1647 759 1711 791 iam
1733 757 1861 801 saepius
1881 764 1914 790 ot
1933 764 2020 791 recte

392 813 520 856 quidem
542 813 701 846 inculcata
723 816 756 847 in
780 815 883 849 bonae
907 826 1003 850 notae
1024 819 1240 851 monumentis
1257 823 1321 850 tam
1338 822 1520 848 constanter
1536 815 1707 847 observata
1721 822 1787 854 est,
1810 821 1844 846 ut
1859 825 2020 858 nunqnam

392 868 432 901 ab
459 880 499 901 eo
527 881 686 902 recessum
717 873 774 903 sit:
810 874 844 904 in
875 874 1067 917 apographis
1099 881 1211 906 contra
1239 880 1272 905 et
1297 871 1567 905 delineationibus
1602 870 1683 903 illud
1717 871 1889 903 discrimen
1924 881 2020 914 saepe

390 926 527 968 turpiter
550 926 729 970 neglectum
760 936 809 961 est
837 930 932 971 (vide
962 941 991 963 v.
1015 942 1043 962 c.
1074 941 1187 963 numos
1216 927 1347 963 Heracl.
1377 928 1461 971 apud
1489 926 1633 960 Barthel.
1655 928 1689 959 in
1711 926 1810 960 Mem.
1833 926 1873 959 de
1894 925 2019 961 l'acad.

392 984 449 1021 53,
479 980 522 1026 pL
543 985 577 1022 2,
606 982 915 1018 Humbertianorum
937 985 1079 1031 lapidum
1102 985 1352 1023 delineationes,
1386 994 1418 1016 v.
1447 982 1558 1016 Carth.
1586 987 1615 1015 t.
1640 987 1670 1016 2.
1692 985 1753 1026 3⁸)
1786 990 1819 1015 et
1848 994 2020 1016 nnmerum

390 1038 582 1082 epigraphes
612 1041 695 1083 apud
717 1040 956 1085 Mionnetum),
985 1054 1087 1086 eoque
1109 1043 1212 1074 maius
1235 1042 1298 1073 ista
1328 1039 1525 1084 negligentia
1556 1041 1645 1071 omni
1672 1038 1859 1083 disciplinae
1889 1038 2020 1083 palaeo·
2085 1045 2088 1052 “

389 1094 560 1138 graphione
582 1096 805 1130 detrimentum
827 1098 948 1138 attulit,
979 1110 1075 1143 quum
1096 1109 1135 1131 ea
1159 1098 1283 1141 decepti
1303 1095 1537 1140 Palaeographi
1557 1106 1597 1128 eo
1618 1097 1740 1129 inducti
1757 1098 1837 1135 sint,
1866 1103 1901 1128 ut
1922 1096 2019 1128 etiarn

390 1152 425 1193 in
454 1151 590 1194 legendo
619 1159 651 1184 et
679 1154 918 1197 interpretando
949 1154 1040 1187 illum
1071 1165 1227 1187 canonem
1257 1151 1307 1185 vel
1337 1152 1539 1196 negligerent
1562 1151 1613 1184 vel
1633 1151 1715 1184 adeo
1742 1151 1835 1195 plane
1858 1150 2018 1184 sublatum

390 1206 518 1240 vellent.
563 1208 820 1253 Palaeographos
851 1211 937 1243 dixi:
976 1222 1158 1255 quanquam
1187 1221 1269 1242 unus
1300 1216 1349 1242 est
1378 1209 1600 1248 Hamakerus,
1640 1209 1695 1251 qui
1723 1209 1847 1241 Lamed
1877 1216 1910 1241 et
1942 1207 2017 1240 Nun

389 1265 531 1297 eiusdem
554 1265 676 1297 formae
698 1273 730 1298 et
751 1266 821 1298 solo
843 1278 941 1299 sensu
962 1266 1189 1310 distinguenda
1219 1276 1290 1298 esse
1319 1273 1484 1298 asseverat
1513 1263 1676 1308 (Miscell.
1698 1276 1728 1307 p.
1750 1267 1891 1298 40—45
1914 1275 1982 1308 sqq.
1993 1267 2017 1306 )‚

389 1331 579 1365 omnemque
619 1321 708 1355 illam
751 1323 989 1356 distinctionem
1031 1327 1177 1365 ineptas·
1219 1332 1334 1355 vocare
1376 1321 1477 1364 (ibid.
1509 1332 1540 1364 p.
1575 1321 1656 1362 106)
1695 1331 1759 1352 non
1797 1322 1916 1364 veritus
1951 1329 2018 1359 est:

389 1385 598 1410 excusaturus
635 1377 757 1410 scilicet
791 1389 850 1410 sna
890 1380 930 1411 de
967 1380 1059 1414 &bx-,n
1093 1380 1154 1414 bn:
1182 1385 1215 1410 et
1242 1379 1310 1413 nbn
1344 1384 1542 1416 commenta,
1582 1387 1698 1420 reapse
1731 1383 1839 1410 autem
1867 1378 1956 1411 omni
1982 1377 2018 1411 in

387 1434 529 1477 legendo‘
552 1433 718 1473 licentiae,
749 1442 784 1467 ut
812 1446 884 1468 oum
914 1436 1046 1469 Comico
1077 1436 1198 1475 dicam,
1228 1434 1401 1467 fenestram
1427 1433 1633 1477 patefaciens.
1676 1432 1744 1465 lmo
1773 1440 1838 1465 tam
1866 1441 2015 1466 constans

388 1498 537 1532 certaque
566 1492 628 1522 ista
658 1489 712 1521 lex
738 1498 803 1529 est,
833 1497 867 1522 ut
894 1492 991 1522 etiam
1022 1492 1100 1533 ipsis
1129 1489 1289 1532 lapidibus
1317 1489 1560 1523 Humbertianis
1589 1489 1681 1532 (ipsis
1707 1489 1801 1529 dico,
1832 1500 1896 1522 non
1923 1489 2016 1524 salsis

389 1557 501 1579 eorum
524 1545 729 1589 apographis)
757 1557 887 1589 prorsus
914 1545 1141 1585 confirmetur,
1176 1557 1314 1589 nosque,
1348 1547 1403 1589 qui
1432 1547 1466 1577 in
1495 1546 1717 1578 examinandis
1739 1546 1951 1579 marmoribus
1973 1548 2013 1579 ad

389 1602 473 1634 hanc
494 1613 561 1635 rem
585 1601 755 1646 diligenter
776 1602 990 1641 attendimus,
1021 1603 1181 1645 spondere
1204 1603 1381 1645 possimus,
1412 1603 1445 1633 in
1478 1600 1581 1633 bonae
1611 1602 1724 1634 aetatis
1751 1603 2013 1646 inscriptionibus

388 1667 421 1691 et
450 1652 556 1691 narnis
585 1669 625 1690 ne
654 1659 782 1689 unicum
813 1658 942 1700 quidem
969 1659 1100 1702 reperiri
1130 1657 1335 1701 exemplum,
1371 1658 1455 1702 quod
1486 1656 1535 1690 illi
1563 1656 1710 1690 licentiae
1737 1658 1853 1692 faveat.

515 1715 637 1759 Magna
658 1715 707 1746 vis
728 1721 778 1746 est
798 1725 927 1754 earum,
951 1725 1084 1757 quarum
1106 1725 1180 1746 crus
1204 1713 1254 1746 vel
1276 1714 1500 1747 brevissimum
1522 1721 1573 1746 est
1595 1713 1647 1746 vel
1669 1713 1765 1758 plane
1788 1715 1927 1750 nullom:

827 1769 841 1786 2
999 1772 1010 1788 3
1127 1773 1138 1787 4
1247 1772 1257 1789 ς
1358 1771 1371 1787 ⁶
1446 1772 1457 1786 7
1532 1771 1544 1787 Ι
1637 1771 1650 1786 0

389 1937 418 1958 v.
440 1937 503 1959 ecc.
527 1925 629 1959 Melit.
651 1932 681 1968 2,
705 1933 782 1962 tert.
800 1935 908 1972 quart.
934 1941 1019 1962 num.
1043 1930 1111 1962 Sid.
1132 1937 1164 1961 et
1188 1929 1295 1963 Gadit.
1318 1929 1434 1974 Ting„
1457 1933 1561 1972 quint.
1585 1931 1617 1962 in
1641 1943 1728 1965 num.
1752 1932 1820 1964 Sid.
1843 1932 2011 1966 deficiente

387 1984 490 2026 spatio
512 1983 634 2015 femore
657 1983 804 2017 breviore
826 1987 927 2028 picta;
959 1991 1045 2018 rext-
1068 1986 1129 2018 Cit.
1153 1989 1182 2018 2.
1214 1985 1325 2018 Carth.
1349 1990 1388 2026 3,
1410 1991 1451 2027 *33
1484 1993 1567 2031 sept.
1593 2000 1678 2022 num.
1705 1988 1798 2020 Cilic.
1822 1991 1857 2021 it.
1880 1989 2009 2023 Numid-

387 2042 424 2078 3,
449 2042 477 2072 3.
498 2044 537 2079 4,
564 2043 591 2071 1.
624 2043 662 2079 5,
691 2045 722 2076 2.
754 2046 816 2074 oct.
841 2041 944 2074 Melit.
967 2045 987 2075 3
1019 2041 1075 2074 lin.
1101 2046 1131 2074 2.
1155 2044 1183 2073 3.
1204 2046 1236 2074 4.
1258 2045 1289 2074 6.
1311 2042 1415 2076 Melit.
1438 2049 1459 2077 4
1482 2044 1539 2078 lin.
1562 2049 1592 2078 3.
1616 2056 1702 2078 num.
1724 2047 1789 2077 inc.
1813 2045 1932 2078 Phoen.
1959 2046 2010 2086 C.‚

387 2106 463 2129 non.
493 2095 584 2128 Sard.
613 2095 670 2130 lin.
693 2103 724 2131 4.
748 2101 778 2131 6.
799 2101 830 2131 8.
860 2110 947 2131 num.
979 2097 1091 2130 Belou.
1114 2096 1152 2130 Β.
1199 2098 1296 2130 paulo
1319 2102 1463 2134 ornatior
1484 2101 1588 2145 figura
1611 2109 1660 2135 est

389 2309 441 2342 Cit
467 2313 486 2341 2
507 2308 561 2341 lin.
576 2312 605 2341 2.
621 2311 649 2341 3.
671 2321 732 2352 quo
749 2310 885 2343 fortasse
899 2313 1037 2354 pertinet
1061 2293 1116 2370 ἦ
1133 2310 1195 2343 Cit.
1205 2315 1235 2344 8.
1245 2314 1295 2344 29.
1305 2314 1345 2344 33
1360 2312 1430 2353 (ubi
1448 2314 1549 2353 vide):
1568 2315 1624 2355 sed
1640 2317 1780 2348 incertae
1794 2323 1826 2348 et
1839 2323 2010 2358 suspectae

1078 2401 1320 2504 war

387 2520 444 2553 illa
469 2521 570 2554 Melit.
590 2527 629 2562 4,
654 2523 733 2555 haec
755 2526 788 2557 in
812 2535 909 2557 numo
932 2525 1012 2558 Gad.
1035 2529 1119 2570 apud
1142 2528 1300 2570 Bayerum
1324 2527 1400 2571 (tab.
1425 2529 1468 2570 1)-

437 2637 465 2671 ⁵)
486 2639 517 2665 ln
535 2639 708 2667 Pooockisno
726 2640 883 2668 citiensium
901 2650 1062 2669 manner-nm
1080 2646 1236 2679 apographo
1254 2645 1397 2672 mediocris
1416 2643 1444 2670 in
1462 2644 1512 2670 hnc
1529 2652 1560 2670 re
1578 2644 1714 2680 diligentia
1732 2650 1781 2671 est.
