2242 2976
340 275 398 308 DE
420 271 628 307 L1'1’rERIS
650 272 914 307 PHOENICHS.
959 277 987 313 §-
1005 276 1057 309 38.
1079 273 1140 306 DE
1166 272 1419 306 VERBORUM
1440 273 1775 308 DISTINCTIONE.
1838 278 1887 316 55

249 371 282 402 in
305 370 459 401 extremis
483 368 631 400 versibus
654 368 766 401 relicto
789 368 965 412 aequalitas
985 368 1185 407 turbaretur,
1206 367 1367 399 interdum
1381 368 1461 399 adeo
1477 369 1635 411 quandam
1654 369 1686 401 in
1703 369 1883 403 litterarum

251 435 384 458 numero
407 426 664 457 convenientiam
692 426 879 458 affectantes
902 424 1018 467 (Melit.
1043 425 1088 467 3).
1129 424 1178 456 Ita
1200 423 1304 455 Melit.
1325 428 1354 455 2.
1377 424 1436 456 Cit.
1461 428 1491 457 7.
1514 429 1544 458 8.
1563 429 1612 458 10.
1631 430 1681 458 14.
1698 431 1748 460 15.
1767 431 1814 460 17.
1835 431 1884 461 18.

251 484 304 514 20.
329 485 380 514 23.
407 485 456 513 24.
480 484 532 513 26.
558 484 708 514 29—31.
734 485 785 514 33.
809 482 900 513 Sard.
924 480 1192 516 Marsal.xCarth.
1218 483 1325 512 1—3.
1349 483 1378 512 5.
1403 484 1432 513 8.
1457 484 1486 513 9.

379 542 409 570 2.
452 537 564 571 Paullo
586 540 689 580 magis
709 539 926 581 perspicuitati
944 539 1144 570 adiuvandae
1160 536 1383 579 tenendaeque
1400 537 1602 580 ambiguitati
1617 547 1818 582 prospectum
1834 548 1884 574 est

248 595 288 627 ab
302 596 354 634 iis,
376 595 430 637 qui
446 594 616 627 verborum
634 595 824 626 divisionem
839 601 870 627 et
882 594 1054 626 fracturam
1071 595 1174 637 magis
1192 604 1286 636 quam
1303 593 1504 635 inaequalem
1518 594 1697 628 litterarum
1715 608 1882 630 numerum

249 652 513 689 reformidantes,
550 650 605 682 ubi
635 661 746 683 versus
775 653 935 693 integrum
966 651 1099 682 verbum
1129 662 1192 682 non
1222 650 1384 692 capiebat,
1423 652 1526 692 spatio
1557 653 1590 683 in
1621 661 1766 686 extrema
1794 661 1883 697 parte

249 707 361 740 relicto
377 709 537 750 integrum
551 714 582 739 et
597 708 770 740 indivisum
787 707 918 739 verbum
933 708 1074 739 secundo
1091 708 1199 739 vel-sui
1214 705 1434 738 reservabant.
1481 706 1529 739 Ita
1546 708 1665 740 factum
1681 711 1713 742 iu
1730 710 1834 743 Melit.
1856 714 1885 750 1,

249 766 281 797 in
305 764 424 797 Athen.
440 768 469 796 1.
485 767 516 797 2.
538 762 600 795 Cit.
616 766 645 796 3.
663 768 694 795 4.
714 767 763 796 12.
784 767 844 802 22,
868 765 901 795 in
924 764 1080 805 Erycina,
1102 765 1136 796 iu
1160 763 1334 796 Numidica
1357 766 1464 802 1—4‚
1488 765 1521 795 in
1546 766 1652 797 numis
1675 766 1819 799 Sidoniis
1842 766 1882 805 T,

249 823 354 854 numis
377 820 479 852 Jubae
501 821 642 852 maioris.
686 819 772 852 Vide
797 831 872 862 prae
896 822 1010 852 ceteris
1031 820 1151 863 duplex
1178 819 1261 851 tituli
1290 820 1383 861 primi
1407 812 1590 853 Melitensis
1620 822 1820 865 exemplum,
1850 825 1883 855 in

247 888 383 920 quorum
413 879 518 920 priore
552 878 657 919 (nunc
687 877 882 918 Parisiensi)
912 876 1011 908 verba
1038 884 1140 919 Ἱππ,
1173 886 1208 920 3:
1232 885 1286 919 3112,
1321 876 1383 919 obp
1415 876 1455 908 ab
1485 878 1577 909 initio
1604 889 1716 911 versus
1739 880 1884 919 secundi,

246 934 354 972 tertii,
389 935 509 976 quarti,
537 935 569 965 in
599 935 776 976 posteriore
801 934 1005 975 (etiamnunc
1024 933 1211 975 Melitensi)
1237 935 1300 964 iam
1324 944 1419 964 versu
1441 935 1565 976 primo,
1599 937 1758 976 secundo,
1791 938 1884 968 tertio

249 997 387 1023 exeunte
411 997 612 1033 comparent,
640 991 673 1022 in
698 998 810 1027 neutro
832 990 935 1021 fracta
955 997 1049 1029 sunt,
1073 991 1157 1032 quod
1181 989 1327 1022 consulto
1350 990 1483 1021 evitavit
1503 993 1689 1024 statuarius.

376 1049 406 1078 3.
451 1046 533 1078 Mox
556 1045 620 1078 alia
638 1047 817 1089 =quaedam,
840 1045 918 1078 licet
940 1057 1057 1088 parva,
1078 1046 1209 1088 legendi
1231 1045 1426 1077 adminicula
1447 1048 1629 1089 excogitata
1651 1055 1741 1080 sunt:

351 1143 353 1145 v
374 1103 407 1146 a)
422 1106 551 1146 puncta
572 1101 678 1134 aliave
700 1103 915 1135 distinctionis
936 1104 1030 1147 signa
1050 1106 1227 1135 sententiis
1249 1105 1439 1135 interiecta.
1485 1103 1534 1135 Ita
1557 1103 1620 1137 Cit.
1637 1107 1669 1143 3,
1684 1109 1710 1144 μ1
1736 1112 1885 1148 punctum

250 1187 374 1228 ponitur
397 1195 470 1229 post
493 1188 585 1231 (3:0⁸
608 1196 722 1227 17:272,
748 1186 810 1219 Cit.
834 1190 872 1226 8,
893 1191 914 1219 2
938 1189 1064 1231 signum
1089 1184 1304 1222 distinctionis
1329 1161 1395 1251 (χ’
1423 1189 1434 1231 )
1459 1196 1531 1231 post
1554 1199 1670 1221 nomen
1696 1190 1820 1233 sepulti.

374 1271 408 1314 b)
431 1276 560 1304 nomina
576 1277 718 1316 propria
741 1273 908 1305 hominum
930 1275 1144 1305 distinctionis
1168 1285 1265 1306 causa
1283 1279 1420 1316 punctis·
1443 1276 1580 1306 inclusa.
1626 1274 1671 1307 Ita
1696 1277 1728 1307 in
1753 1275 1815 1308 Cit.
1842 1278 1881 1308 15

247 1338 363 1360 nomen
387 1330 547 1371 proprium
571 1339 659 1363 ἕνα»
675 1339 709 1372 3:
734 1339 800 1368 ἾΠ,
827 1329 888 1361 Cit.
913 1333 953 1362 23
976 1332 1030 1371 (ex
1055 1341 1162 1372 apogr.
1178 1330 1317 1373 Porteri)
1341 1343 1373 1363 n.
1397 1343 1443 1374 pr.
1466 1339 1576 1365 &72:»7N
1588 1333 1635 1372 *)‚
1666 1343 1741 1373 prae
1769 1334 1884 1364 ceteris

245 1390 350 1415 autem
372 1386 405 1416 in
430 1385 575 1425 Sardica,
599 1386 654 1417 ubi
679 1385 736 1417 lin.
762 1389 791 1417 6.
815 1389 835 1418 7
859 1397 975 1417 nomen
1000 1388 1162 1428 proprium
1186 1386 1301 1429 sepulti
1323 1398 1373 1421 *132
1398 1398 1433 1430 ’ρ
1457 1396 1545 1422 unz:
1568 1389 1612 1420 ita
1634 1390 1796 1430 signatum
1819 1397 1880 1428 est,

246 1447 283 1471 ut
305 1448 457 1482 punctum
481 1443 514 1472 in
538 1443 675 1474 mediam
699 1441 838 1474 litteram
860 1442 1017 1474 initialem
1040 1449 1072 1473 et
1090 1442 1221 1474 finalem
1247 1445 1279 1485 (2
1303 1452 1335 1476 et
1358 1446 1390 1485 π)
1415 1446 1596 1476 immissum
1619 1446 1670 1476 sit.

377 1501 408 1537 c)
431 1501 561 1530 nomina
575 1502 719 1541 propria
735 1500 829 1536 etiam
848 1500 895 1530 ita
909 1506 1031 1537 notata,
1054 1505 1090 1530 ut
1107 1500 1249 1541 singulis
1264 1511 1372 1532 eorum
1389 1502 1514 1532 litteris
1523 1506 1681 1542 punctum
1695 1504 1880 1543 appositum

247 1556 302 1585 vit.
347 1552 433 1585 Vide
466 1565 582 1586 nomen
613 1550 690 1589 τπδ’
711 1556 808 1586 inser.
838 1553 963 1597 Tripol.
992 1559 1028 1593 2,
1057 1554 1113 1586 lin.
1143 1559 1181 1592 4,
1213 1563 1244 1586 et
1274 1556 1335 1587 Cit.
1366 1559 1406 1588 25
1442 1556 1596 1598 (fortasse
1632 1558 1726 1588 etiam
1765 1568 1879 1589 numos
1922 1564 1924 1567 ’

248 1608 389 1642 incertos
417 1610 487 1644 Sid.
516 1609 678 1653 U—X)‚
707 1610 824 1643 collata
855 1610 1086 1653 Aegyptiorum
1111 1617 1142 1642 et
1165 1610 1350 1643 Sinensium
1375 1614 1505 1645 nomina
1531 1614 1659 1655 propria
1681 1613 1882 1656 marginibus

246 1665 429 1699 includendi
452 1668 692 1700 consuetudine.
1765 1668 1769 1673 ‘

370 1727 402 1755 4.
447 1722 593 1756 Tandem
616 1723 759 1767 singulas
781 1734 875 1756 voces
899 1724 1106 1766 distinguere
1128 1731 1272 1767 coeptum
1297 1732 1362 1764 est,
1386 1726 1480 1769 idque

374 1779 406 1821 a)
432 1784 583 1821 punctis,
611 1782 699 1812 utin
723 1779 815 1811 titulo
839 1773 977 1811 Citiensi
999 1780 1158 1819 secundo,
1193 1782 1225 1813 in
1256 1780 1424 1825 Tuggensi
1456 1794 1497 1814 ex
1528 1781 1716 1825 apographo
1739 1780 1880 1825 Templii

248 1838 313 1876 (no.
337 1836 390 1877 56)
421 1843 452 1866 et
482 1835 684 1879 Tripolitano
708 1837 848 1868 secundo
877 1837 1037 1878 (no.-65):
1070 1837 1114 1869 ita
1142 1844 1247 1871 tamen
1277 1847 1310 1870 ut
1338 1840 1421 1870 inter
1446 1850 1539 1870 voces
1565 1840 1684 1870 arctius
1706 1850 1881 1878 connexas,

246 1900 331 1924 certe
354 1893 511 1931 minores,
535 1893 715 1936 interpungi
739 1904 803 1924 non
830 1891 958 1925 soleret.
1001 1892 1088 1925 Vide
1112 1894 1151 1926 ad
1169 1893 1239 1938 Cit.
1264 1898 1282 1926 2
1306 1902 1337 1926 et
1360 1893 1466 1938 Tugg.
1490 1907 1544 1930 no.
1566 1899 1616 1929 56.

372 1949 404 1990 b)
435 1953 556 1990 spatiis
587 1953 791 1988 interiectis,
821 1957 855 1981 ut
884 1951 916 1981 in
945 1949 1062 1981 Athen.
1092 1954 1129 1990 3,
1161 1949 1292 1983 Numid.
1316 1954 1354 1990 5,
1387 1951 1512 1994 Tripol.
1537 1956 1573 1992 1,
1606 1963 1743 1995 gemma*
1756 1950 1879 1983 Clarkii

245 2006 320 2049 (no.
342 2006 420 2047 45),
451 2006 484 2036 in
516 2017 612 2037 numo
642 2006 845 2048 Syracusano
874 2004 900 2037 B
932 2006 997 2048 (nn
1021 2007 1128 2049 ntea),
1161 2009 1266 2039 numis
1290 2007 1468 2040 Sabrathae
1492 2016 1524 2040 et
1546 2009 1661 2052 Sigae:
1694 2020 1756 2052 quo
1780 2010 1876 2040 etiam

245 2063 405 2105 pertinent
434 2073 545 2093 omnes
575 2074 743 2094 numorum
772 2062 967 2106 epigraphae
995 2065 1027 2095 in
1055 2064 1169 2107 quibus
1194 2063 1269 2095 bina
1291 2064 1390 2096 verba
1417 2066 1450 2097 in
1473 2064 1565 2097 binas
1587 2065 1689 2098 lineas
1712 2065 1879 2108 dispertita

245 2126 339 2157 sunt,
364 2126 399 2150 ut
421 2120 453 2150 in
478 2118 645 2151 Gaditanis

886 2163 969 2212 5³³*
1138 2164 1220 2198 ruba:

887 2229 970 2254 5728
1148 2228 1234 2255 'wat-t

242 2276 274 2306 in
299 2276 403 2306 numis
427 2274 530 2306 Jubae
555 2276 628 2306 min.
652 2274 694 2306 D.
718 2275 773 2314 E„
798 2275 927 2307 Vaccae
950 2275 991 2307 al.
1038 2275 1185 2307 Ceterum
1218 2278 1249 2308 in
1283 2276 1446 2308 nonnullis
1476 2269 1556 2309 haec
1580 2288 1693 2310 vocum
1717 2277 1877 2310 distinctio

245 2331 307 2363 sibi
329 2342 393 2363 non
419 2333 496 2363 satis
519 2338 659 2371 constat,
695 2342 723 2364 v.
749 2343 776 2364 c.
806 2333 838 2363 in
871 2331 992 2375 Tripol.
1024 2337 1060 2372 1,
1091 2333 1146 2365 ubi
1174 2332 1311 2375 singulis
1341 2334 1448 2366 verbis
1474 2336 1578 2377 spatia
1601 2336 1768 2366 interiecta
1792 2339 1876 2372 sunt,

243 2387 299 2419 sed
321 2388 421 2420 verba
443 2395 532 2433 upa-2
555 2390 625 2420 sine
648 2390 750 2430 spatio
773 2388 935 2431 copulata:
967 2391 1058 2421 cuius
1081 2391 1315 2421 inconstantiae
1339 2402 1435 2422 causa
1459 2392 1491 2422 in
1520 2393 1567 2423 rei
1592 2392 1732 2423 novitate
1752 2389 1876 2432 legibus

245 2445 382 2476 nondum
406 2447 484 2477 satis
507 2446 657 2477 adstricta
672 2452 702 2476 et
716 2445 749 2476 in
768 2446 903 2487 quadam
929 2457 1038 2478 eorum
1061 2445 1249 2489 populorum
1272 2446 1471 2493 ἀγραμματίᾳ
1487 2449 1668 2491 quaerenda
1684 2448 1811 2479 videtur
1824 2446 1875 2485 *Ἴ-

242 2547 278 2551 -
873 2505 886 2519 t
1053 2527 1066 2540 Ι*
1240 2506 1254 2521 *

294 2594 320 2629 *)
339 2596 371 2622 In
386 2598 513 2625 Pocockii
529 2601 683 2634 apographo
694 2599 744 2625 alia
760 2608 867 2634 qnoque
884 2600 1025 2634 reperiun-
1146 2599 1185 2633 **)
1207 2601 1308 2626 Eodem
1326 2602 1409 2627 modo
1436 2602 1469 2627 de
1487 2601 1619 2633 scriptura
1640 2600 1751 2624 Etrusca
1771 2596 1872 2623 indie-t

245 2649 287 2670 tur
307 2649 404 2678 puncta
423 2648 492 2672 male
509 2647 596 2680 posita
624 2648 676 2682 Cit.
694 2650 724 2681 5,
750 2651 772 2676 1.
793 2648 841 2681 14,
862 2651 885 2675 1.
905 2651 935 2683 2,
954 2658 1022 2683 qnae
1094 2649 1190 2676 Odorr.
1213 2650 1344 2675 Miillerus
1370 2649 1433 2681 (die
1458 2650 1579 2674 Etrusker
1605 2648 1646 2678 11,
1671 2645 1756 2678 315):
1791 2647 1870 2678 „Die

245 2702 308 2718 sana
328 2701 387 2719 esse
406 2701 460 2719 non
479 2700 599 2727 possunt.
1091 2700 1276 2731 Interpunction
1295 2699 1325 2723 ist
1343 2707 1370 2723 so
1390 2699 1526 2722 {neemiam
1545 2698 1583 2720 als
1603 2695 1726 2726 mb'glich:
1745 2693 1798 2725 auf
1810 2695 1868 2719 der-
