2242 2976
631 266 690 299 DE
713 253 920 300 LlTTERIS
947 267 1198 300 RHOENICIIS
1220 267 1280 301 ET
1298 267 1550 302 NUMffllcls.
1575 282 1579 286 ’
1859 275 1905 309 15

279 359 456 391 doctrinam
470 359 788 402 comprehendemus,
810 365 928 403 quarto
942 362 989 393 de
1000 364 1180 404 scripturae
1193 373 1317 405 genere
1333 373 1486 395 ammae«)
1495 366 1716 405 -ssaegyptiaco
1734 365 1904 404 separatim

279 425 420 456 agemus.

406 471 510 503 Erunt
524 471 685 511 ¹femma,
709 474 770 516 .qui
784 472 938 516 singulas
960 481 1238 506 monumentorum
1267 473 1415 517 species‚'
1433 475 1539 508 veluti
1562 486 1676 508 numos
1695 475 1904 514 Phoenicius,

279 525 915 569 Cilica-punicus,tmmiumentaSicula,
933 528 1068 572 Cypria,
1092 532 1263 572 separatim
1288 532 1469 563 tractandas
1489 533 1685 570 existiment,
1709 531 1903 574 haberetque

279 583 466 616 etiamtalis
482 586 685 624 vianetratio,
709 587 1082 629 quom-commendaret.
1122 586 1229 625 Quum
1247 598 1323 619 vero
1335 588 1510 629 scripturae
1530 587 1693 620 character
1706 589 1739 620 in
1756 588 1906 621 omnibus

280 638 331 671 his
353 642 566 674 monumentis
588 642 621 672 in
650 643 835 674 universum
859 642 947 674 -idem
976 644 1038 681 sit,
1053 654 1131 679 ,non
1154 645 1193 675 in
1224 643 1324 682 multa
1350 644 1455 685 capita
1485 644 1672 677 dissecanda
1695 644 1903 682 midebantur,

280 707 361 739 quae
384 707 448 728 uno
471 696 635 730 oculorum
657 697 770 734 obtutu
793 697 908 730 melius
930 701 1202 742 perspicerentur-3
1226 699 1305 732 illud
1328 707 1451 737 autem,
1475 701 1558 742 quod
1581 700 1727 743 singulae
1749 701 1904 743 quaedam

279 754 404 797 speeies
426 754 569 796 adeoque
590 753 719 797 singula
742 755 896 797 quaedam
921 756 1250 800 monumentaf(velut
1271 755 1459 799 Tuggense)
1482 756 1545 794 sibi
1567 758 1726 799 proprium
1750 756 1906 788 haberent

280 815 312 840 et
335 808 513 852 peculiare,
549 817 614 845 tum
638 811 676 842 ,in
699 812 934 847 monumentario
956 819 1023 844 tum
1045 812 1106 849 sub
1120 812 1264 856 {siugulis
1288 812 1410 851 litteris
1438 814 1637 851 tractandum
1662 819 1735 846 etum
1766 814 1903 855 denique

276 865 494 906 peculiaribus
511 865 692 901 litterarum
708 867 832 904 rtabulis
851 869 1155 910 repraesentandum
1178 870 1366 911 putavimus.

763 1102 1014 1140 CAPUT
1058 1102 1189 1139 TER
1217 1102 1418 1141 TIUM.

465 1188 542 1224 DE
574 1187 851 1225 LITTERIS
884 1188 1236 1226 PHOENICHS
1262 1188 1344 1225 ‘ET
1372 1188 1716 1227 ‘N*UM1D=1⁴C=1·S.

1042 1283 1071 1321 §-
1105 1284 1134 1314 8.

298 1347 486 1379 Aliorum
514 1350 697 1379 virorum
721 1348 931 1387 doctorum
954 1349 1183 1391 alphabeta
1205 1354 1482 1382 recensentur
1504 1355 1545 1382 et
1567 1353 1877 1382 examinantur.

400 1415 578 1459 Antequam
593 1417 634 1449 ad
650 1418 755 1449 varias
770 1417 968 1459 singularum
982 1417 1160 1451 litterarum
1183 1418 1304 1461 figuras
1327 1418 1532 1452 illustrandas
1555 1431 1726 1462 earumque
1749 1426 1897 1462 tanquam

274 1478 409 1505 stemma
437 1473 691 1504 concinnandum
715 1474 914 1512 accedimus,
943 1475 1185 1516 praecipuorum
1215 1473 1456 1516 alphabetorum
1486 1465 1726 1518 phoeniciorum
1756 1463 1809 1507 ab*
1827 1475 1899 1515 aliis

275 1529 474 1561 conditorum
504 1539 670 1560 censuram
693 1539 807 1571 agere,
837 1535 868 1560 et
890 1519 1044 1561 nonnulla
1072 1530 1111 1561 de
1143 1531 1251 1561 nativa
1279 1529 1393 1561 harum
1415 1522 1592 1562 litterarum
1615 1531 1717 1562 forma
1740 1533 1900 1574 variisque

274 1586 345 1617 eius
367 1584 594 1617 mutationibus
616 1586 649 1616 in
672 1586 857 1616 universum
881 1585 1052 1617 observare
1076 1585 1190 1628 placet.
1592 1617 1601 1624 κ
1678 1613 1681 1615 ,

404 1640 510 1679 Quum
534 1641 727 1683 „alphabeta
750 1641 945 1684 phoenicia“
968 1648 1042 1673 ante
1067 1640 1330 1684 Barthelemyum
1351 1642 1446 1681 edita,
1468 1649 1503 1673 ut
1524 1653 1623 1685 supra
1645 1642 1764 1674 dictum
1790 1643 1829 1684 (ἐ.
1852 1645 1897 1684 2),

273 1709 308 1730 re
328 1710 405 1731 vera
426 1698 596 1741 phoenicia
619 1708 682 1729 non
705 1699 788 1736 sint,
814 1693 917 1740 prima
938 1709 1050 1741 reapse
1075 1697 1151 1729 talia
1173 1705 1247 1730 sunt

400 1754 584 1797 Alphabeta
606 1753 832 1795 Barthelemyi
851 1765 891 1785 ex
914 1753 1127 1786 marmoribus
1148 1753 1314 1786 Melitensi
1337 1755 1402 1796 (no.
1426 1755 1475 1796 1),
1510 1765 1552 1786 ex
1575 1753 1738 1786 nonnullis
1755 1752 1900 1796 Cypriis,

273 1820 305 1845 et
327 1823 368 1844 ex
392 1812 497 1843 numis
512 1810 702 1841 ¹Phoeniciis
726 1817 758 1841 et
780 1809 897 1842 Siculis
926 1817 1018 1852 capta
1048 1811 1081 1842 in
1104 1810 1282 1843 Mbmoires
1305 1811 1346 1843 de
1368 1812 1564 1843 l’academv'e
1586 1810 1760 1843 'lt-XXX.
1783 1822 1814 1852 p.
1832 1813 1894 1843 405

274 1868 329 1911 (T.
353 1867 442 1900 LIII.
466 1873 537 1909 post
559 1877 590 1908 p.
614 1866 668 1907 58)
689 1868 769 1904 426,
803 1872 835 1897 et
862 1867 895 1897 in
929 1869 1024 1908 epist.
1054 1866 1100 1898 ad
1124 1866 1255 1898 March.
1283 1868 1439 1907 Olivien‘,
1469 1879 1551 1910 quae
1573 1869 1701 1910 repetiit
1714 1857 1898 1907 'Eckhessi‘us

273 1928 306 1958 in
329 1925 439 1959 Doctr.
460 1921 591 1955 Numm.
607 1929 668 1954 vet.
684 1921 743 1960 111,
766 1932 796 1964 p.
810 1924 891 1961 4043
914 1924 992 1954 satis
1017 1921 1176 1954 laudanda
1198 1922 1255 1955 illa
1270 1935 1326 1966 pro
1342 1922 1428 1957 illius
1445 1925 1595 1967 temporis
1612 1925 1748 1963 ratione,
1772 1930 1803 1955 et
1818 1922 1898 1954 nihil

271 1981 347 2015 falsi
382 1979 595 2017 continentia,
630 1979 693 2010 nisi
729 1978 812 2021 quod
850 1978 910 2010 sub
947 1978 1000 2010 He
1037 1986 1220 2022 comparent
1256 1981 1367 2023 signa,
1398 1991 1486 2023 ,quae
1510 1979 1582 2017 Jod
1619 1987 1651 2012 et
1687 1980 1788 2019 ¹Schin
1826 1986 1899 2012 sunt

273 2038 386 2101 (Ν,
414 2037 526 2101 (49),
550 2045 610 2079 sub
633 2044 721 2078 Wau
743 2035 802 2094 3,
826 2047 909 2088 quod
931 2047 983 2079 He
1003 2054 1065 2080 est.

399 2118 547 2151 Swinton
574 2117 681 2161 plures
705 2121 823 2151 struxit
845 2119 1021 2169 litterarum
1045 2120 1170 2153 tabulas
1194 2132 1235 2152 ex
1257 2120 1394 2163 singulis
1416 2123 1632 2153 monumentis
1658 2128 1690 2153 et
1711 2131 1898 2153 monumen-

271 2184 375 2209 torum
391 2175 573 2218 generffius,
590 2186 632 2207 ex
646 2176 859 2208 marmoribus
874 2176 1100 2209 Melitensibus
1116 2179 1149 2209 in
1165 2177 1290 2210 Philas.
1309 2178 1542 2209 Transactions
1564 2177 1633 2210 Vol.
1647 2177 1738 2217 LIV,
1763 2177 1827 2209 tab.
1846 2180 1896 2216 12,

270 2244 312 2266 ex
327 2231 536 2270 Citiensibus,
559 2231 863 2265 numis¹Phoeniciis
879 2240 910 2264 et
927 2232 1044 2265 Siculis
1066 2233 1144 2266 ibid.
1161 2234 1226 2265 tab.
1241 2238 1293 2273 24,
1318 2233 1522 2276 alphabetum
1540 2233 1898 2277 Cyprio-Phoenicium

269 2290 334 2323 tab.
353 2291 413 2329 25,
444 2290 566 2320 maiore
588 2290 683 2320 etiam
706 2288 801 2320 laude
824 2290 953 2332 dignas:
986 2291 1018 2321 in
1044 2290 1161 2333 quibus
1187 2290 1354 2333 (Swinton
1377 2292 1463 2323 enim
1486 2298 1521 2323 ut
1542 2292 1681 2323 diximus
1702 2292 1736 2322 in
1759 2289 1895 2332 legendo

266 2346 489 2384 felicissimus,
520 2346 553 2376 in
583 2346 821 2387 interpretando
853 2353 973 2377 tantum
1002 2334 1107 2378 minus
1137 2346 1217 2379 felix
1247 2357 1318 2378 esse
1349 2346 1492 2389 solebat)
1524 2349 1581 2379 vix
1612 2346 1677 2379 ulla
1706 2346 1813 2378 littera
1833 2353 1892 2382 est,

267 2404 358 2436 cuius
380 2408 519 2446 potestas
539 2400 623 2432 male
646 2400 777 2433 definita
799 2403 850 2434 sit.

387 2458 432 2490 vIu
443 2458 575 2500 'Bayeri
585 2457 821 2501 Alphabetum,
844 2459 987 2502 quamvis
1010 2466 1104 2490 tenue
1127 2466 1160 2491 et
1177 2470 1347 2502 paucarum
1364 2459 1539 2503 figurarum
1563 2460 1620 2500 (de
1637 2460 1814 2500 ‘la-‘lengna
1829 2463 1886 2487 etc.

267 2526 299 2558 p.
323 2518 395 2548 3⁷5.
416 2516 589 2558 palaeogr.
614 2513 754 2547 Studien
776 2515 840 2547 tab.
862 2515 912 2557 5),
936 2514 1027 2558 plura
1050 2517 1114 2548 iam
1138 2517 1335 2559 irrepserunt
1359 2517 1491 2555 vitiosa,
1519 2515 1607 2547 velut
1629 2516 1688 2547 sub
1704 2515 1755 2546 He
1772 2513 1886 2555 figura,

269 2582 349 2615 quae
371 2571 471 2603 Schin
494 2578 559 2611 est,
594 2571 653 2604 sub
677 2571 764 2604 Mem
788 2583 851 2604 una
880 2583 960 2615 quae
990 2572 1087 2605 Schin
1112 2580 1178 2612 est,
1211 2572 1274 2605 alia
1297 2583 1377 2616 quae
1399 2572 1525 2615 Aleph,
1556 2572 1615 2604 sub
1637 2571 1698 2602 Jod
1721 2580 1784 2601 una
1806 2578 1887 2610 quae

268 2627 372 2670 Aleph
395 2635 453 2660 est.
