2242 2976
353 267 403 304 42
469 264 602 298 LIBER
627 263 802 297 PRIMUS.
846 260 1219 296 PALAEOGRAPHIA
1242 261 1496 304 PHOENICIA.
1540 261 1687 297 CAPUT
1709 262 1928 298 TERTIUM.

354 376 487 410 utraque
502 366 622 406 littera,
644 368 773 400 diversa
787 372 835 398 est
849 366 956 408 origo:
996 351 1027 409 J
1076 365 1149 398 Phe
1182 371 1286 397 ortum
1315 376 1357 398 ex
1396 347 1438 416 Ἷ
1484 342 1544 422 Ἶς
1567 373 1678 400 contra
1711 356 1739 415 )
1768 365 1855 399 Beth
1877 373 1981 399 ortum

354 447 471 505 ...9
556 445 615 511 9.

526 546 694 586 „Primam
724 550 756 575 et
786 544 926 575 nativam
948 542 1086 587 figuram
1110 553 1181 575 eam
1200 553 1290 583 esse,
1321 554 1402 587 quae
1424 544 1508 587 apud
1530 550 1656 577 veteres
1673 544 1863 584 Hebraeos,
1892 546 1978 588 apud

441 604 616 644 „Graecos
646 602 680 632 in
709 601 868 643 scriptura
897 601 1086 643 retrograda
1124 607 1156 632 et
1191 601 1274 643 apud
1304 600 1457 633 Etruscos
1486 602 1605 633 usitata
1630 609 1680 634 est
1701 596 1765 641 ΓῙ,
1796 603 1861 634 iam
1885 613 1983 645 supra

443 660 632 699 ‚,diximus.'
668 656 747 689 Inde
770 663 840 688 orta
861 656 967 699 figura
988 657 1020 688 in
1045 666 1171 688 summo
1192 657 1348 696 rotunda,
1380 664 1416 689 ut
1439 658 1522 700 apud
1544 664 1668 691 veteres
1687 657 1868 698 Romanos,
1898 658 1982 702 apud

441 715 651 755 „Phoenices
673 714 746 755 (no.
763 714 800 755 1)
824 719 856 745 et
876 714 910 745 in
933 719 1140 745 monumento
1161 712 1474 756 Carpentoruetensi.

527 771 706 810 „Priorem
727 769 837 809 illam,
872 770 929 801 sed
957 780 1054 812 scapo
1084 771 1303 801 sinistrorsum
1325 769 1432 810 flexo,
1470 769 1590 803 habent
1612 764 1826 811 Samaritani,
1862 769 1981 815 angulo

443 838 611 870 „superne
633 828 775 859 acutiore
799 825 982 867 Palmyreni
1004 826 1057 866 (in
1070 824 1364 867 oxoniensibus),
1388 828 1598 870 posteriorem
1619 838 1717 871 scapo
1738 827 1826 860 flexo
1841 826 1983 861 Blacm.

443 891 506 923 „et
528 884 640 926 fragm.
664 882 868 914 Taurinense
898 881 959 923 (cf.
983 881 1122 923 Palmyr.
1145 881 1277 924 Rom),
1304 883 1388 914 unde
1413 890 1518 916 ortum
1540 893 1559 926 η
1585 893 1615 916 n.

529 939 598 979 „In
631 940 790 981 scriptura
826 938 1071 970 Smauidarum
1108 948 1151 970 ex
1187 937 1293 981 figura
1326 939 1463 971 rotunda
1498 947 1594 984 caput
1629 946 1734 973 ortum
1763 947 1812 974 est
1842 941 1982 984 undique

443 996 637 1037 „clnusnm‚
671 995 767 1037 idque
788 1001 951 1027 servatum
971 995 1004 1026 in
1026 993 1142 1026 litteris
1163 993 1355 1038 Estrangelo
1378 1002 1410 1027 et
1432 994 1711 1029 Nestorianorum.

1114 1064 1142 1101 §.
1172 1065 1224 1095 29.

924 1118 1080 1152 Zade
1140 1119 1409 1170 lister-a,

357 1181 448 1212 cuius
478 1189 592 1210 nomen
622 1178 721 1220 (³52)
753 1178 895 1210 Simonis
924 1177 1007 1210 bene
1029 1181 1276 1209 caetra-uentum
1297 1179 1452 1218 (uncum,
1475 1178 1623 1221 hanun)
1644 1183 1860 1223 piscatorium
1882 1179 2002 1225 inter-⁴

357 1242 499 1279 pretatus
523 1241 591 1273 est,
621 1234 759 1277 figuram
780 1234 878 1266 habet
900 1234 996 1267 hamo
1018 1233 1173 1273 similem,
1205 1244 1289 1267 unco
1310 1235 1406 1267 modo
1432 1234 1555 1278 duplici
1582 1236 1679 1269 modo
1701 1235 1858 1279 simplici,
1888 1235 1984 1267 modo

356 1293 503 1325 deorsum
540 1292 634 1323 modo
659 1301 787 1323 sursum
814 1290 918 1323 flexo:

670 1344 684 1359 ι
915 1348 926 1362 2
1297 1349 1309 1366 ι
1417 1350 1431 1365 ⁴
1573 1350 1582 1367 ς
1726 1350 1739 1366 ⁶

584 1376 647 1478 r
720 1379 799 1478 st
880 1381 955 1478 fv
1271 1383 1335 1470 1ss
1407 1388 1449 1470 r
1565 1386 1608 1466 5«
1715 1386 1771 1483 r

858 1501 894 1630 i
992 1498 1055 1623 ἡ)
1127 1501 1159 1608 θ’
1266 1500 1321 1630 5²
1419 1501 1449 1516 ”

357 1654 432 1686 vide
450 1656 548 1696 prim.
573 1662 660 1684 num.
682 1650 751 1684 Sid.
772 1651 813 1684 A.
839 1652 878 1684 B.
905 1652 945 1685 D.
967 1652 1009 1685 U.
1026 1653 1073 1685 V.
1093 1654 1140 1686 X.
1169 1664 1231 1686 nec.
1255 1654 1334 1686 ibid.
1356 1653 1397 1686 T.
1422 1653 1476 1686 W.
1507 1659 1583 1687 tert.
1609 1666 1696 1688 num.
1720 1654 1797 1697 Tyr.
1818 1655 1860 1687 D.
1882 1655 1917 1686 F.
1940 1653 1982 1688 N.

358 1710 426 1743 sid.
450 1710 489 1742 G.
514 1710 548 1741 P.
580 1713 689 1752 quart.
712 1708 791 1750 Tyr.
815 1708 855 1741 A.
877 1709 915 1741 Β.
940 1708 977 1741 C.
1001 1710 1038 1741 E.
1070 1713 1173 1752 qm'nt.
1191 1709 1326 1743 Mar-al.
1355 1710 1434 1753 Tyr.
1457 1710 1496 1743 G.
1520 1711 1563 1744 H.
1599 1716 1687 1744 next.
1710 1711 1860 1744 Sabrath.
1881 1711 1921 1743 A.
1944 1710 1982 1743 B.

360 1766 397 1799 C.
427 1771 509 1808 sept.
533 1765 597 1798 Cic.
622 1768 674 1804 23,
699 1769 728 1797 1.
761 1769 813 1805 33,
837 1769 867 1798 3.
899 1765 978 1808 Tyr.
1000 1766 1039 1798 L.
1068 1772 1129 1798 oct.
1153 1767 1247 1809 Eryc.
1268 1766 1326 1799 lin.
1348 1771 1378 1799 2.
1409 1778 1484 1800 uon.
1509 1767 1588 1809 Tyr.
1611 1768 1655 1800 K.
1678 1768 1725 1802 M.
1754 1769 1821 1800 dec.
1844 1767 1934 1811 Trip.
1951 1771 1983 1808 2,

361 1827 389 1855 1.
421 1823 534 1857 undec.
558 1822 625 1854 Sid.
648 1822 672 1854 1.
695 1823 735 1854 L.
758 1821 799 1854 al.
843 1822 952 1855 Dubia
975 1824 1098 1855 videtur
1120 1822 1225 1866 figura
1247 1825 1279 1855 in
1302 1824 1372 1858 Sid.
1395 1823 1459 1863 K.,
1493 1823 1617 1857 duobus
1640 1826 1731 1857 uncis
1754 1826 1908 1868 praedita.

488 1879 551 1910 Iste
581 1889 657 1909 vero
690 1890 789 1922 uncus
819 1880 939 1911 sensim
970 1879 1197 1922 paullatimque
1225 1882 1259 1911 in
1291 1879 1395 1912 solum
1432 1887 1582 1922 punctum
1611 1880 1708 1920 abiit,
1746 1891 1820 1913 raro
1851 1879 1981 1923 duplex,

360 1934 547 1979 plerumque
570 1934 725 1977 simplex:
754 1934 896 1978 talesque
920 1935 1044 1978 figurae
1066 1937 1164 1969 etiam
1186 1937 1219 1968 in
1243 1935 1347 1968 bonae
1367 1938 1482 1968 aetatis
1503 1938 1719 1969 monumentis
1741 1939 1878 1969 usitatae
1891 1943 1982 1969 nunt:

866 1994 896 2008 12
1003 1995 1032 2010 Σ,
1149 1995 1179 2010 ¹⁴
1286 1994 1315 2010 ²⁵
1409 1992 1439 2008 ¹⁶

859 2021 898 2121 l·
991 2022 1027 2125 Υ
1141 2017 1181 2141 Χ·
1279 2026 1311 2115 5·
1382 2038 1445 2104 β

361 2157 390 2177 v.
414 2145 511 2177 duod.
534 2145 601 2177 sid.
625 2145 668 2177 H.
701 2149 780 2178 tert.
802 2147 871 2179 dec.
895 2146 1012 2179 Athen.
1038 2151 1067 2186 1,
1090 2149 1118 2179 1.
1150 2146 1214 2180 Cit.
1235 2152 1268 2186 2,
1292 2151 1321 2180 1.
1345 2150 1398 2187 29,
1423 2150 1452 2179 1.
1482 2150 1590 2190 quart.
1606 2145 1675 2178 dec.
1698 2143 1763 2177 Cic.
1778 2147 1809 2184 3,
1828 2148 1857 2193 1.
1880 2147 1933 2185 30,
1950 2149 1981 2177 2.

362 2205 465 2245 quint.
483 2202 548 2234 dec.
569 2200 630 2233 Cit.
650 2204 679 2240 3,
695 2205 726 2232 2.
755 2208 842 2235 sext.
859 2203 928 2236 dec.
952 2202 1015 2236 Cit.
1032 2207 1084 2243 20,
1102 2207 1130 2235 1.

490 2287 640 2319 Ceterum
662 2297 720 2328 pro
815 2289 922 2320 nescio
945 2300 986 2320 an
1008 2289 1127 2331 passim
1150 2290 1246 2320 etiam
1261 2287 1324 2320 alio
1339 2287 1452 2320 calami
1468 2288 1563 2320 ductu
1585 2289 1748 2330 pinxerint
1773 2253 1816 2353 >l
1856 2286 1917 2330 (cf.
1941 2288 1981 2320 nd

360 2364 494 2407 Caph),
525 2364 609 2406 quod
633 2364 665 2394 in
687 2363 727 2395 iis
751 2366 854 2396 numis
878 2365 1033 2396 accidisse
1055 2365 1263 2404 crediderim,
1302 2375 1381 2407 quos
1403 2364 1500 2407 Sigae
1523 2364 1607 2396 infra
1635 2363 1815 2396 tribuimus.

491 2419 595 2452 Unica
621 2419 749 2459 littera,
786 2431 867 2462 quae
891 2432 963 2452 cum
986 2428 1095 2453 nostra
1116 2421 1269 2453 confundi
1291 2422 1408 2463 possit,
1437 2422 1549 2464 cuique
1571 2419 1744 2452 nonnullae
1767 2422 1837 2452 eius
1857 2420 1981 2464 figurae

365 2479 410 2509 ita
438 2476 560 2509 similes
589 2483 685 2515 sunt,
717 2484 751 2508 ut
780 2476 888 2520 aliqua
916 2476 1090 2519 legentium
1118 2478 1277 2509 dissensio
1304 2484 1374 2509 orta
1401 2478 1445 2509 sit
1473 2477 1568 2519 (vide
1596 2477 1636 2508 nd
1666 2487 1779 2509 numos
1806 2464 1987 2509 Sextorunr

366 2533 422 2565 lib.
446 2532 510 2571 111,
535 2533 614 2574 16),
649 2540 698 2564 est
727 2533 805 2565 Tau.
848 2533 885 2564 Iu
907 2543 1026 2575 genere
1049 2540 1155 2565 autem
1178 2535 1344 2576 utriusque
1367 2534 1536 2565 discrimen
1556 2534 1602 2564 ita
1622 2534 1824 2565 statuendum
1849 2541 1915 2572 est,
1948 2540 1982 2565 ut

367 2600 467 2621 uncus
488 2588 561 2621 Tau
580 2589 704 2621 litterae
726 2600 823 2632 saepe
845 2599 976 2632 scapum
998 2596 1102 2628 secet,
1126 2588 1213 2620 Zade
1229 2588 1354 2621 litterae
1370 2600 1553 2632 nunquam,
1576 2589 1723 2632 idemque
1739 2591 1772 2621 in
1789 2589 1862 2621 Tau
1875 2590 1983 2622 littera

367 2655 490 2687 semper
504 2647 663 2686 deorsum,
680 2656 841 2690 nunquam
852 2653 937 2678 certe
948 2657 1086 2686 sursum,
1099 2645 1254 2678 flectatur.
1278 2645 1327 2679 Cf.
1334 2645 1523 2678 vocabulum
1534 2654 1628 2681 11:272
1641 2645 1761 2686 Cit.23,
1771 2650 1786 2678 1
1803 2653 1835 2678 et
1846 2646 1983 2689 saepius.
2047 2668 2049 2670 -
