2242 2976
672 261 787 294 NUMI
808 260 958 294 PUNICI
985 259 1217 294 HISPANICI.
1263 255 1344 294 XV.
1369 260 1526 293 GADES.
1837 263 1910 300 305

416 354 542 388 Numos
583 355 672 388 urbis
710 356 831 387 Punice
867 356 1058 397 inscriptos,
1095 356 1148 397 qui
1183 356 1216 386 in
1253 355 1404 386 omnibus
1435 354 1559 386 Museis
1588 361 1715 386 exstant
1752 356 1804 396 (in
1835 354 1913 387 solis

286 410 527 444 Haunieusibus
557 413 773 455 Lindbergius
803 416 843 444 82
877 411 1024 453 exempla
1054 403 1153 452 vidit)
1190 410 1280 442 multi
1310 410 1361 442 vel
1391 411 1559 442 ediderunt
1588 410 1639 442 vel
1663 411 1911 454 descripserunt,

288 475 322 499 ut
344 467 459 500 Florez
483 469 642 500 Medallas
666 469 705 500 de
726 469 854 511 Espafia
875 468 940 499 tab.
964 470 1015 500 37.
1044 467 1228 511 Velasquez
1252 468 1381 508 Ensayo
1404 467 1467 498 tab.
1493 470 1543 499 17.
1580 467 1701 499 Sestini
1728 479 1760 510 p.
1788 470 1838 499 49.
1861 470 1913 500 50.

286 524 350 556 tab.
375 515 458 556 extrss
496 525 622 557 Dutens
645 527 720 558 diss.
751 525 780 556 11
811 537 841 568 p.
866 527 935 557 152.
966 523 1012 555 llI
1045 524 1109 555 tab.
1133 528 1162 555 2.
1203 523 1308 565 Bayer
1331 525 1370 554 ad
1395 523 1525 554 Sallust.
1552 535 1579 566 p.
1606 527 1667 556 373
1699 523 1788 564 (tab.
1811 528 1832 556 4
1862 524 1911 557 ed.

286 581 417 623 gerim),
450 582 488 612 de
511 583 616 613 numis
637 581 884 613 hebraeo-sum.
909 580 973 612 tab.
999 583 1029 612 5.
1058 580 1187 612 Vindio.
1211 592 1242 623 p.
1267 585 1295 612 1.
1326 579 1475 612 Mionnet
1498 579 1537 611 T.
1561 579 1576 611 Ι
1607 591 1632 622 p.
1651 584 1689 612 12
1713 582 1818 612 no.77
1842 591 1909 623 sqq.

287 637 328 668 cf.
347 637 412 668 tab.
430 641 469 670 19
492 638 566 679 (ubi
584 638 709 680 quidem
731 637 837 679 plures
860 636 943 668 male
966 638 1039 678 picti
1064 637 1167 679 sunt).
1198 637 1364 679 Lindberg
1387 647 1460 679 pag.
1479 639 1536 675 13,
1557 643 1724 678 praeterea
1738 643 1912 669 tractarunt

287 692 530 733 Bellermannus
553 693 579 732 I,
598 697 655 726 39.
695 694 843 736 Koppius
866 693 909 732 11,
933 696 1005 725 206.

414 775 594 807 Secundum
626 774 821 818 epigraphen
852 782 917 806 tres
948 786 1059 806 eorum
1087 774 1206 806 classes
1237 774 1388 806 facimus:

414 852 443 880 1.
487 849 614 880 Primae
646 848 758 881 classis
788 849 948 891 praecipui
978 849 1043 890 typi
1058 843 1157 886 sunt:

417 922 525 963 Caput
551 922 708 954 Herculis
737 921 879 953 imberhe
909 925 1042 953 exuviis
1071 922 1176 953 leonis
1198 925 1317 953 tectum
1340 921 1385 953 ad
1405 924 1593 960 einietram,
1632 932 1715 964 pone
1739 923 1833 955 clava
1855 924 1909 964 (iu

287 975 374 1009 aliis:
406 985 480 1008 ante
497 977 588 1009 olava
596 978 618 1019 ).
643 978 669 1019 )(
698 977 775 1009 Duo
793 978 911 1019 thynni
923 982 990 1009 situ
1001 979 1166 1019 parallelo
1177 1000 1186 1015 ‚
1209 979 1293 1008 inter
1310 989 1366 1009 eos
1382 979 1495 1009 lunula
1512 986 1580 1009 cum
1595 978 1727 1021 globulo
1745 984 1778 1010 et
1794 981 1911 1012 littera

287 1043 319 1066 te·
363 1033 467 1075 Supra
497 1035 601 1071 ’29:72,
631 1033 716 1064 infra
741 1042 836 1067 ‘'anau-
870 1032 941 1065 AE.
985 1031 1070 1065 Vide
1100 1033 1161 1064 litt.
1189 1033 1219 1065 A
1248 1035 1287 1065 ad
1321 1035 1385 1065 duo
1414 1033 1564 1076 exempla
1592 1035 1831 1076 Londlnensia,
1869 1037 1909 1068 ef.

286 1089 391 1131 Bayer
413 1089 474 1121 tab.
490 1094 523 1128 4,
543 1093 583 1122 14
603 1091 653 1121 ed.
677 1100 778 1132 germ.
1381 1083 1383 1085 ¹

412 1171 532 1203 Eadem
563 1172 706 1203 adversa.
743 1171 768 1214 )(
811 1171 961 1213 Thymms
988 1182 1070 1203 mma·
1105 1171 1150 1203 ad
1182 1175 1247 1203 sin.
1301 1172 1422 1203 Eadem
1452 1171 1627 1216 epigraphe
1658 1174 1771 1215 partim
1804 1184 1910 1216 supra,

286 1229 403 1270 partim
424 1228 518 1259 infra.
562 1228 632 1259 AE.
656 1231 685 1260 5.
709 1230 739 1260 3.

413 1310 535 1342 Eadem
560 1310 705 1342 adversa.
736 1309 764 1352 )(
795 1309 981 1352 Delphinus
1003 1310 1048 1341 ad
1069 1310 1100 1341 d.
1144 1310 1267 1341 Eadem
1296 1309 1482 1352 epigraphe.
1526 1309 1596 1341 AE.
1620 1312 1651 1341 3.
1677 1314 1707 1342 2.
1752 1311 1911 1354 Exempla

286 1367 319 1398 in
344 1365 468 1398 Museis
490 1365 733 1398 Hauniensibus
756 1373 787 1398 et
808 1367 1010 1399 Londinensi
1032 1366 1128 1398 obvia
1150 1374 1233 1399 sunt.

413 1447 597 1490 Epigraphe
627 1449 660 1479 in
690 1447 848 1490 plerisque
877 1455 941 1480 tam
972 1450 1139 1491 perspicua
1167 1455 1199 1480 et
1221 1449 1303 1480 bene
1325 1454 1529 1486 conservata,
1551 1454 1586 1480 ut
1607 1436 1798 1480 dubitationi
1820 1448 1909 1482 locus

286 1503 416 1536 relictus
451 1515 514 1535 non
545 1505 605 1542 sit,
646 1510 678 1535 et
709 1504 755 1535 nil
784 1504 852 1536 sere
882 1505 988 1536 differt
1018 1505 1058 1537 ab
1090 1505 1159 1544 his,
1197 1516 1275 1547 quas
1307 1505 1452 1536 dedimus
1480 1503 1539 1536 litt.
1561 1504 1591 1536 A
1628 1512 1660 1536 et
1689 1504 1803 1537 c-bis
1847 1507 1908 1548 (ex

286 1560 401 1592 Museo
434 1559 512 1591 Brit.
523 1563 547 1600 ).
591 1559 727 1602 Reliqua
756 1561 920 1603 exempla,
957 1572 1038 1603 quae
1061 1569 1171 1593 notatu
1194 1562 1342 1604 digniora
1364 1561 1573 1600 videbantur,
1607 1560 1730 1593 D—-H
1754 1573 1796 1594 ex
1819 1561 1909 1594 Pari-

284 1616 446 1649 siensibus
473 1616 619 1647 desumta
648 1623 739 1655 sunt,
778 1628 858 1659 quae
887 1616 1151 1660 Hohlenbergius
1183 1625 1326 1649 nostrum
1355 1619 1387 1649 in
1417 1629 1511 1649 usum
1542 1620 1737 1660 comparavit
1767 1618 1844 1660 (litt.
1867 1618 1908 1651 D.

286 1672 434 1705 Mionnet
450 1683 503 1703 uo.
519 1675 582 1711 86„
605 1672 664 1704 litt.
680 1674 706 1704 E
723 1674 844 1711 inedia,
867 1672 926 1705 litt.
941 1673 977 1706 F.
1002 1673 1150 1705 Mionnet
1165 1686 1217 1705 no.
1233 1677 1284 1706 83.
1305 1677 1369 1713 84.,
1393 1674 1452 1706 litt.
1470 1674 1498 1706 G
1512 1686 1563 1706 no.
1579 1677 1629 1706 89.
1645 1674 1706 1706 litt.
1724 1674 1756 1705 H
1772 1675 1909 1716 inedit.)‚

287 1737 379 1772 atque
402 1731 434 1759 iu
459 1728 519 1759 litt.
542 1729 568 1760 F
590 1729 790 1760 observanda
811 1729 938 1761 Dalellz
957 1737 988 1761 et
1011 1730 1119 1761 Resch
1142 1731 1301 1773 capitibus
1323 1731 1407 1762 infra
1429 1732 1566 1773 apertis,
1593 1732 1674 1763 utin
1690 1730 1907 1771 Abderstanis,

288 1788 319 1822 in
352 1784 381 1816 G
413 1785 540 1817 Lamed
568 1786 608 1817 ad
638 1787 800 1817 sinistram
833 1795 960 1817 versum
988 1787 1082 1827 (vide
1107 1798 1177 1829 pag.
1201 1788 1302 1826 290),
1339 1789 1371 1818 in
1396 1787 1445 1826 H,
1484 1787 1538 1818 ubi
1568 1785 1669 1818 altera
1691 1798 1763 1829 pars
1786 1799 1909 1827 manca,

288 1843 351 1875 Ain
382 1845 531 1873 auritum.
583 1841 618 1872 In
651 1840 812 1872 Mionneti
847 1841 961 1873 horum
993 1853 1159 1874 numorum
1190 1842 1459 1874 delineationibus
1496 1843 1580 1885 (tab.
1609 1846 1668 1883 19)
1706 1842 1797 1886 plura
1825 1851 1910 1883 sunt,

288 1910 369 1942 quae
398 1898 558 1929 emendes.
604 1897 688 1929 Nam
710 1909 764 1928 n0.
788 1900 818 1929 5.
842 1900 862 1929 6
884 1900 1099 1930 convertenda
1120 1906 1207 1937 sunt,
1245 1906 1280 1930 ut
1300 1910 1425 1930 summa
1455 1900 1520 1931 ima
1541 1899 1639 1938 fiant,
1676 1911 1727 1932 no.
1752 1902 1792 1932 10
1816 1907 1847 1932 et
1871 1904 1910 1932 12

287 1956 463 1987 litterarum
504 1953 622 1985 Daleth
663 1960 694 1984 et
733 1953 837 1985 Resch
876 1961 955 1986 teste
994 1954 1239 1998 Hohlenbergio
1268 1944 1388 1987 caudae
1419 1955 1558 1987 inflexae
1588 1966 1659 1987 esse
1688 1967 1750 1987 non
1783 1952 1910 1996 debent,

289 2022 340 2043 no.
363 2014 400 2042 13
418 2010 544 2042 litterae
567 2009 684 2042 Daleth
705 2011 805 2042 cauda
828 2011 1024 2042 restituenda
1048 2018 1107 2050 est,
1138 2023 1189 2043 no.
1214 2015 1253 2043 14
1276 2013 1309 2043 in
1333 2013 1402 2054 ipso
1420 2022 1517 2043 numo
1540 2012 1611 2055 (no.
1632 2013 1690 2054 88)
1713 2020 1760 2044 est
1778 2013 1908 2056 vulgare

288 2067 366 2100 illud
391 2068 495 2106 55:72,
527 2078 589 2098 non
612 2068 720 2105 bana,
750 2067 831 2109 quod
856 2075 936 2098 teste
961 2067 1205 2111 Hohlenbergio
1228 2069 1261 2099 in
1280 2067 1368 2099 nullo
1384 2067 1532 2110 exemplo
1547 2069 1722 2101 Parisiensi
1738 2072 1907 2112 reperitur.

288 2124 361 2157 Non
386 2126 490 2156 minus
512 2123 720 2155 dubitandum
744 2124 783 2154 de
807 2123 954 2165 exemplo
977 2123 1159 2165 Bayeriano
1184 2136 1235 2156 no.
1254 2127 1293 2156 16
1318 2126 1350 2157 iu
1369 2136 1429 2167 quo
1444 2125 1572 2157 Lamed
1591 2126 1709 2167 pictum
1726 2133 1774 2157 est
1791 2125 1908 2168 duplici

289 2193 399 2220 crure,
431 2181 515 2224 quod
539 2191 700 2222 nunquam
724 2180 844 2210 factum
867 2191 938 2210 esse
961 2181 1197 2222 spoponderim.
1241 2180 1389 2212 Ridiculo
1407 2182 1541 2224 denique
1557 2193 1684 2221 errore,
1707 2193 1800 2224 quem
1816 2193 1908 2213 suum

290 2238 365 2270 fecit
394 2237 610 2280 Lindbergius
641 2238 731 2279 (pag.
757 2236 834 2276 13),
873 2236 1020 2267 Sestinus
1050 2238 1082 2267 in
1106 2248 1170 2268 uno
1194 2248 1252 2279 pro
1275 2239 1359 2271 ’29:72
1389 2238 1475 2269 dedit
1496 2237 1617 2270 litteras
1639 2237 1755 2270 latinas
1780 2237 1907 2270 COER.

291 2293 412 2331 Quavis
434 2296 519 2325 enim
542 2295 676 2336 pignore
702 2292 847 2330 certabo,
881 2303 952 2323 eum
977 2294 1009 2323 in
1034 2304 1129 2324 numo
1153 2294 1271 2325 vidisse

982 2362 1192 2428 (01)(

293 2453 386 2494 idque
410 2451 570 2484 nonnullis
593 2451 720 2484 lineolis
746 2462 787 2483 ex
810 2452 940 2494 iugenio
962 2451 1219 2495 additislegisse

990 2520 1198 2578 (otx

295 2610 313 2638 i.
334 2618 363 2638 e.
389 2605 523 2646 COER,
555 2608 594 2639 cf.
622 2609 706 2640 infra
730 2608 905 2639 Swintonis
927 2614 1012 2638 artes
1034 2609 1067 2638 in
1090 2609 1195 2640 numis
1213 2608 1320 2640 Iubae.

1455 2672 1495 2699 39
