2242 2976
366 250 418 287 48
482 247 614 281 LIBER
634 245 808 296 PRIMUS.
855 243 1232 279 PALAEOGRAPHIA
1249 243 1507 278 PnoENlmA.
1551 243 1700 279 CAPU‘P
1721 243 1939 278 TERTIUM.

371 353 452 386 quae
475 342 644 375 secundam
667 340 804 384 figuram
824 340 1007 378 imitantur,
1030 338 1125 371 modo
1148 338 1327 372 defectivae
1351 345 1384 371 et
1403 340 1424 371 a
1444 342 1545 371 nescia
1566 336 1619 371 vel
1639 338 1765 373 decim
1783 338 1961 381 profectae:

748 398 777 413 17
930 395 958 411 xe
1134 395 1168 529 ἏΓΟ
1293 396 1336 549 Iao
1445 395 1476 495 zrx
1552 412 1554 414 ¹
1575 394 1603 490 ῑ

372 561 422 602 (ν.
445 559 539 591 duod.
556 563 633 591 tert.
654 564 687 589 et
708 560 816 600 quart.
832 556 902 589 dec.
922 555 1054 589 Numid.
1077 559 1110 596 2,
1133 559 1163 588 2.
1186 558 1225 596 3„
1242 559 1272 589 2.
1303 560 1336 595 4,
1358 558 1377 588 3
1399 557 1433 588 in
1455 531 1687 599 nbpr'l'ripol.
1711 559 1743 595 2,
1763 559 1785 589 2
1806 561 1885 595 ter.,
1908 566 1995 588 num.

327 660 329 662 Ι
372 615 487 654 Malae.
509 615 550 648 A.
572 613 616 646 D.
638 613 674 646 F.
703 616 808 656 quint.
822 613 892 646 dec.
915 613 1007 645 Sard.
1033 616 1065 645 1.
1085 615 1118 645 6.
1141 611 1275 646 Numid.
1299 615 1328 652 ¹,
1343 616 1374 645 2.
1404 615 1436 652 3,
1458 616 1490 645 2.
1510 615 1544 652 ⁵,
1562 615 1606 653 2.,
1634 623 1721 647 uum.
1743 611 1843 647 Iubae
1861 612 1941 651 min.
1954 611 1995 644 L.

373 677 462 704 sext.
487 671 556 703 dec.
585 669 717 703 Numid.
739 673 771 708 4,
792 673 835 709 2.,
868 681 954 702 num.
978 669 1077 702 Iubae
1092 670 1170 702 min.
1193 668 1233 701 Β.
1255 673 1338 711 sept.
1360 669 1427 702 dec.
1447 668 1580 702 Numid.
1603 671 1640 708 1,
1659 671 1691 701 3.
1713 673 1753 708 4,
1774 672 1809 709 ,2.
1837 670 1868 707 6,
1889 671 1998 701 2-5,
2055 657 2064 666 ’

372 731 462 766 7,1.,
494 738 581 760 num.
604 726 702 759 Iubae
725 727 802 767 maj.
826 726 867 757 A.
890 725 929 758 B.
953 724 990 758 C.
1021 725 1115 758 Sabr.
1138 726 1179 759 E.
1213 730 1278 758 oct.
1298 725 1370 758 dec.
1391 732 1426 757 et
1447 735 1523 758 non.
1545 725 1616 758 dea.
1639 724 1735 758 Num.
1760 728 1790 764 1,
1811 728 1844 757 2.
1869 722 1997 767 Tripol.

374 783 466 822 ibis,
490 786 520 822 2,
532 787 553 815 4
576 782 636 821 bis,
659 781 739 814 Belo
755 782 792 821 F,
816 782 871 814 Fb.
894 782 962 825 Sig.
978 782 1019 822 D.
1041 781 1219 814 Sabrathae
1241 783 1274 815 iu
1296 781 1468 824 plerisque.
1490 784 1553 815 vic.
1576 780 1705 814 Numid.
1727 784 1799 820 5,1.
1823 783 1886 814 vic.
1898 783 2011 825 prin.⁴

373 838 454 871 Gad.
478 839 500 872 l
525 838 568 872 K.
597 838 678 871 Belo
700 838 739 870 A.
770 842 833 871 vic.
851 849 914 871 sec.
936 837 1068 871 Numid.
1081 841 1160 878 4,2.
1184 837 1324 871 GadM.
1353 836 1453 881 Ting.
1470 836 1511 870 Ο.
1530 836 1653 872 Abder.
1683 836 1765 871 Belo
1786 836 1826 870 B.
1843 835 1881 869 C.
1896 836 1935 870 E.
1951 835 1996 869 H.

373 894 491 928 Abder.
514 895 593 927 A-
605 894 645 927 G.
667 894 758 927 Sabr.
781 894 824 927 D.
847 895 944 938 Sigae
966 893 1005 928 Β.
1025 893 1066 927 C.

502 951 540 984 In
563 950 676 984 harum
697 950 873 994 figurarum
894 961 1028 983 numero
1050 957 1143 990 sunt,
1171 960 1252 994 quae
1276 951 1374 984 etiam
1395 950 1476 984 alins
1496 956 1672 995 potestates
1686 927 1879 989 admittant,
1909 947 1998 982 velut

375 1019 427 1040 no.
452 1011 589 1040 12-14
611 1007 652 1039 ab
675 1007 785 1050 Alepla
806 1006 977 1040 Numidico
1001 1017 1064 1039 non
1089 1007 1341 1046 discernendae,
1381 1014 1413 1039 et
1434 1009 1569 1046 no-15,
1605 1017 1686 1049 quae
1706 1007 1803 1039 etiam
1824 1005 1916 1040 Men
1937 1011 1997 1037 est.

375 1063 439 1096 Sed
462 1063 642 1106 ubicunque
664 1062 744 1096 tales
765 1063 909 1102 litterae,
941 1074 1021 1106 quae
1051 1063 1164 1096 iisdem
1195 1062 1311 1106 figuris
1339 1064 1430 1107 pingi
1458 1064 1655 1108 potuissent,
1687 1064 1779 1095 iuxta
1809 1062 1997 1108 sepositae

376 1127 548 1162 apparent,
583 1127 618 1151 ut
640 1129 705 1159 nte,
742 1130 806 1151 una
835 1118 896 1151 hac
923 1118 1025 1152 altera
1055 1118 1119 1152 alia
1148 1118 1254 1163 figura
1274 1120 1437 1162 pingitur,
1471 1119 1545 1151 vide
1566 1128 1613 1154 nte
1634 1118 1759 1163 Tripol.
1775 1122 1808 1158 2,
1822 1121 1861 1158 3,
1889 1125 1998 1151 nte-¹2

375 1175 452 1207 ibid.
477 1175 533 1208 lin.
548 1180 578 1207 4.
601 1183 633 1207 et
655 1178 700 1207 ita
722 1186 858 1218 semper.

548 1243 840 1282 „vetustissimam
869 1243 1007 1286 figuram
1038 1243 1260 1275 cruciformem
1284 1242 1352 1286 (†)
1373 1242 1564 1285 adoptarunt
1593 1241 1736 1274 Hebraei
1758 1244 1791 1274 in
1816 1247 1945 1274 moneta
1966 1246 2000 1273 et

462 1322 484 1338 „
494 1299 687 1342 Aethiopes:
718 1310 851 1342 quorum
874 1301 997 1342 priores
1020 1300 1117 1331 etiam
1141 1299 1223 1331 hanc
1245 1298 1366 1331 habent
1391 1299 1481 1341 (Χ)
1503 1306 1606 1331 ortam
1627 1309 1670 1331 ex
1690 1298 1747 1341 fig.
1767 1301 1787 1330 2
1814 1297 1855 1331 cf.
1875 1296 1999 1341 fig.15.

547 1363 675 1407 „Apud
690 1363 832 1396 Graecos
846 1370 877 1395 et
891 1363 1045 1396 Etruscos
1059 1364 1205 1405 superior
1215 1374 1292 1406 „pars
1306 1362 1431 1406 figurae
1445 1364 1550 1405 periit,
1574 1362 1659 1395 unde
1677 1369 1782 1395 ortum
1804 1361 1836 1394 Τ
1857 1361 1998 1405 vulgare.

548 1428 716 1471 „Figurae
730 1439 750 1459 a
763 1429 893 1460 sinistra
906 1436 996 1471 parte
1012 1439 1156 1467 mancae,
1175 1435 1209 1459 ut
1223 1438 1276 1460 no.
1290 1430 1398 1465 6—9,
1417 1426 1603 1470 placuerunt
1616 1427 1784 1459 Aramaeis
1801 1422 1999 1470 aegyptiacis

463 1492 525 1524 „et
538 1484 746 1525 Palmyrenis,
770 1496 789 1516 a
802 1484 916 1527 quibus
932 1484 1109 1527 profectum
1125 1491 1173 1515 ert
1187 1494 1209 1517 n
1223 1484 1424 1526 quadratum.
1460 1483 1533 1515 Tau
1548 1483 1821 1515 Samaritanorum
1837 1483 1996 1526 quomodo

461 1547 597 1579 „ortum
619 1541 676 1578 sit,
712 1539 862 1571 facillime
886 1541 1078 1582 perspicitur
1099 1550 1142 1571 ex
1163 1539 1269 1582 figura
1290 1539 1453 1582 alphabeti
1474 1539 1727 1576 Akerbladiani;
1763 1546 1888 1571 constat
1909 1540 1996 1571 enim

462 1607 532 1635 „ex
554 1606 651 1638 scapo
674 1606 746 1627 cum
768 1597 887 1627 uncino
910 1596 951 1627 ad
973 1596 1119 1627 dextram
1143 1606 1268 1627 sursum
1291 1595 1398 1627 flexo:
1423 1607 1539 1639 scapus
1556 1606 1632 1628 vero
1646 1597 1851 1637 symmetriae
1865 1607 1995 1636 caune,

462 1663 530 1691 „ne
554 1651 639 1683 ultra
660 1662 787 1683 versum
809 1652 999 1691 descendat,
1030 1651 1159 1684 brevius
1181 1653 1286 1695 pictus
1305 1656 1398 1685 est.“

1130 1748 1159 1782 §.
1189 1748 1241 1778 34.

505 1815 533 1843 1.
565 1812 695 1843 Praeter
717 1822 791 1850 eas,
821 1821 900 1854 quas
922 1813 1017 1844 modo
1039 1812 1290 1852 illustravimus,
1322 1812 1500 1845 litterarum
1522 1811 1644 1855 figuras
1663 1814 1696 1845 in
1719 1821 1998 1847 monumentorum

378 1866 567 1910 apographis
590 1869 694 1910 potius
717 1879 810 1910 quam
833 1869 865 1899 in
888 1870 1103 1901 monumentis
1122 1871 1219 1912 ipsis,
1251 1869 1303 1901 hic
1326 1869 1394 1901 illic
1415 1870 1618 1911 reperiuntur
1638 1868 1763 1912 figurae
1786 1870 1943 1903 obscurae
1963 1874 1999 1903 et

377 1927 545 1962 incertae,
568 1935 648 1965 quae
663 1925 777 1966 partim
801 1923 930 1956 insolito
954 1926 1049 1957 modo
1072 1933 1237 1965 exaratae,
1259 1927 1375 1968 partim
1397 1926 1439 1969 in.
1454 1927 1670 1957 monumentis
1692 1925 1776 1957 male
1790 1933 1998 1958 conservatae

378 1982 428 2021 (v.
451 1978 567 2011 Athen.
592 1983 606 2010 1
634 1979 692 2012 lin.
714 1982 771 2019 1),
802 1981 916 2023 partim
939 1981 1022 2013 male
1045 1982 1221 2024 descriptae
1246 1993 1318 2015 esse
1340 1983 1488 2015 videntur
1509 1979 1592 2022 (Cit.
1612 1984 1627 2012 1
1646 1980 1703 2013 lin.
1719 1984 1859 2014 2,-19.
1876 1985 1927 2014 29.
1943 1984 1997 2022 33,

380 2039 410 2068 1.
432 2039 451 2067 2
489 2042 520 2066 et
555 2037 684 2077 saepius
718 2037 813 2068 etiam
843 2037 876 2068 in
905 2036 1073 2079 Erycina).
1130 2037 1181 2070 De
1211 2036 1284 2070 aliis
1314 2039 1514 2070 coniecturas
1545 2043 1670 2069 nostras
1696 2038 1730 2070 in
1760 2038 1997 2071 commentariis

379 2089 570 2135 proposituri
605 2103 700 2123 unam
728 2091 759 2123 h.
784 2091 806 2124 l.
841 2103 1072 2133 memoramus,
1108 2105 1188 2137 quae
1216 2095 1249 2125 in
1280 2095 1386 2126 nuruis
1415 2093 1559 2126 Sidoniis
1588 2092 1626 2126 Y.
1655 2092 1692 2126 Ζ.
1722 2092 1794 2126 ΑΑ.
1818 2092 1886 2126 ΒΒ.
1914 2094 1998 2126 inter

378 2147 500 2182 litteras
522 2146 682 2180 solitarias
707 2155 773 2187 est,
803 2155 835 2180 et
856 2149 895 2181 de
919 2150 1009 2182 cuins
1031 2149 1095 2182 fide
1117 2150 1256 2183 dubitari
1279 2151 1334 2182 vix
1354 2156 1474 2194 potest:

1164 2221 1219 2270 ‘x

379 2302 524 2335 Videant
552 2309 657 2334 autem
685 2304 746 2334 viri
769 2303 868 2343 docti,
904 2306 987 2337 sitne
1010 2317 1049 2338 ea
1070 2305 1194 2349 Aleph,
1235 2308 1326 2339 cuins
1348 2305 1464 2338 similis
1492 2304 1599 2349 figura
1619 2307 1653 2338 in
1678 2305 1825 2338 Etruscis
1846 2312 1879 2337 et
1901 2304 1998 2338 Celti-

380 2360 497 2392 bericis
521 2358 666 2391 habetur.

509 2427 538 2455 2.
581 2423 632 2456 De
660 2423 776 2456 litteris
806 2427 946 2457 invertit
975 2426 1099 2467 egimus
1127 2425 1168 2457 ad
1197 2435 1329 2457 numum
1358 2424 1619 2458 panormitanum
1647 2424 1683 2465 1,
1705 2436 1735 2457 v.
1752 2425 1838 2458 infra
1858 2424 1915 2458 lib.
1940 2425 1997 2465 ΙΙΙ,

382 2492 435 2514 no.
453 2479 516 2520 lx,
540 2483 559 2512 3
588 2481 628 2512 cf.
647 2483 675 2520 ς.
696 2485 750 2513 41.

508 2539 540 2569 3.
584 2536 820 2580 Nonnunquam
841 2535 967 2568 litterae
989 2536 1142 2578 quaedam
1166 2537 1211 2568 ita
1232 2543 1383 2569 exaratae
1403 2539 1623 2580 reperiuntur,
1659 2545 1693 2569 nt
1714 2537 1860 2582 singulae
1887 2549 1998 2571 earum

384 2599 487 2634 partes
507 2603 571 2625 non
594 2593 786 2625 cohaereant
803 2598 866 2623 eta
880 2591 1051 2623 lectoribus
1067 2591 1161 2623 facile
1174 2604 1233 2635 pro
1250 2593 1374 2625 duabus
1389 2593 1504 2626 litteris
1518 2593 1631 2626 haberi
1646 2596 1786 2637 possint,
1809 2596 1949 2627 maxime
1964 2596 1997 2627 in
