2242 2976
691 644 1000 687 LIBER
1057 643 1445 687 PRIMUS

292 762 921 814 PALAEOGRAPHIAM
963 763 1395 815 PHOENICIAM
1432 763 1845 817 CONTlNENS.

765 922 792 954 C
812 922 846 955 A
868 924 900 955 P
927 922 960 954 U
984 922 1013 954 T
1050 923 1081 955 P
1102 922 1135 954 R
1159 921 1180 953 1
1203 921 1249 954 Μ
1272 922 1304 954 U
1322 922 1372 956 M.

402 1015 693 1054 HISTORIA
732 1015 1103 1053 LITTERARIA
1136 1015 1215 1066 ¹ET
1254 1016 1744 1054 BIBLIOGRAPHIA.

436 1125 488 1155 Cf.
508 1126 664 1156 GAmum.
680 1127 835 1155 FAmucx
857 1125 895 1154 de
910 1125 1091 1165 phoeniciae
1106 1125 1293 1155 litteraturae
1309 1126 1444 1156 fontibus
1463 1128 1578 1156 Romae
1595 1129 1687 1158 1803.
1711 1130 1730 1158 2
1746 1128 1830 1158 Voll.
1851 1131 1882 1158 8.

346 1176 387 1206 A.
412 1177 478 1206 Tu.
502 1177 716 1207 EAM-nuum
740 1175 885 1215 Tychsen
906 1177 950 1213 II,
974 1177 994 1206 b
1024 1187 1057 1216 p.
1080 1179 1139 1206 505
1163 1186 1231 1216 sqq.

1025 1260 1054 1297 §-
1091 1263 1121 1291 1.

391 1328 539 1371 Linguae
570 1335 603 1360 et
631 1330 808 1371 scripturae
836 1328 1024 1371 phoeniciae
1055 1328 1207 1372 reliquias
1236 1330 1360 1362 duobus
1382 1332 1585 1373 potissimum
1610 1337 1886 1363 monumentorum

266 1383 460 1427 generibus,
490 1385 701 1416 marmoribus*
723 1392 754 1416 et
777 1389 897 1423 nuntiet,
931 1386 1088 1416 contineri
1114 1393 1253 1418 constat:
1283 1398 1415 1429 quorum
1437 1387 1565 1429 quidem
1589 1387 1724 1418 alterum
1746 1388 1809 1418 iam
1832 1387 1888 1419 diu

266 1447 315 1471 est
343 1451 439 1482 quum
468 1442 601 1472 eruditis
628 1440 814 1483 hominibus
843 1442 992 1473 innotuit.
1035 1440 1206 1483 Postquam
1235 1443 1321 1473 enim
1351 1443 1425 1473 inde
1449 1454 1468 1473 a
1491 1444 1597 1474 medio
1618 1442 1727 1474 seculo
1752 1442 1835 1474 XVI
1854 1444 1888 1474 in

265 1495 426 1538 Hispania
448 1497 587 1527 maxime
604 1502 636 1527 et
652 1495 763 1528 Sicilia
784 1497 921 1538 pecunia
942 1496 1120 1538 phoeniciis
1137 1496 1250 1529 litteris
1267 1499 1420 1539 inscripta
1434 1499 1553 1530 effossa
1568 1506 1600 1530 et
1615 1500 1648 1529 in
1664 1498 1789 1537 harum,
1813 1509 1888 1530 mox

266 1553 363 1584 etiam
393 1554 426 1583 in
457 1551 592 1584 aliarum
623 1553 792 1595 regionum
820 1551 1066 1594 numophylacia
1097 1551 1202 1583 delata
1225 1558 1290 1591 est,
1323 1552 1385 1584 hoc
1407 1564 1531 1596 quoque
1554 1560 1703 1585 monetae
1727 1565 1828 1596 genus
1855 1556 1890 1586 in

267 1608 421 1651 operibus
439 1609 671 1640 numismaticis
688 1609 819 1651 depingi
842 1609 956 1651 coepit.
1000 1606 1155 1650 Depietae
1171 1610 1268 1640 etiam
1283 1608 1479 1651 epigraphae
1495 1609 1694 1651 phoeniciae,
1718 1611 1774 1642 sed
1796 1621 1891 1652 saepe

267 1665 376 1697 minus
397 1671 563 1703 accurate,
594 1672 629 1697 ut
655 1664 728 1696 fieri
755 1664 838 1696 solet
867 1665 899 1695 in
931 1665 1087 1706 scriptura
1111 1666 1286 1708 incognita.
1331 1665 1504 1707 Praecipua
1527 1667 1596 1698 cius
1620 1667 1773 1709 temporis
1795 1676 1893 1708 opera

268 1722 510 1760 numismatica‚
531 1722 565 1753 in
581 1721 696 1764 quibus
711 1722 799 1752 numi
823 1720 1000 1762 phoeniciis
1021 1720 1136 1752 litteris
1151 1723 1297 1764 inscripti
1313 1729 1592 1764 repraesentantur
1615 1722 1789 1765 (pleraque
1807 1723 1894 1754 enim

269 1779 340 1810 eius
362 1778 492 1821 generis
513 1788 612 1820 opera
633 1779 667 1809 in
691 1779 797 1809 numis
819 1776 974 1808 Romanis
997 1779 1171 1809 tractandis
1195 1779 1437 1820 acquiescunt),
1460 1778 1540 1810 haec
1560 1786 1649 1810 nunt:

443 1853 603 1882 Hunznu
625 1852 782 1890 *Gom-zu
816 1851 963 1892 (Belgae,
1004 1858 1097 1882 mort.
1128 1853 1248 1892 Brugae
1272 1855 1352 1883 1585
1364 1851 1384 1892 )
1407 1852 1532 1883 historia
1561 1850 1687 1882 Sicili'ae
1714 1861 1742 1883 et
1770 1865 1895 1893 magnae

361 1902 507 1934 Graeciae
523 1914 564 1932 ex
583 1902 805 1932 numismatibus
820 1901 984 1932 illustrata.
1005 1903 1115 1942 Brugis
1130 1904 1335 1933 Flandrornm
1353 1906 1447 1934 1576.
1464 1904 1520 1933 fol.
1547 1896 1658 1944 (158P.
1675 1907 1768 1935 1618.
1787 1903 1894 1944 1644.)

357 1954 439 1985 Vide
461 1954 526 1983 eius
547 1954 632 1993 Opp.
657 1954 694 1983 de
715 1964 750 1983 re
773 1954 912 1983 numaria
934 1954 1059 1993 antiqua
1084 1955 1219 1994 quinque
1243 1954 1327 1984 Voll.
1349 1954 1567 1994 comprehensa
1584 1956 1771 1995 Antverpiae
1800 1958 1892 1986 1708.

358 2005 416 2035 fol.
428 2027 438 2042 ,
462 2005 516 2034 sed
537 2004 575 2034 de
597 1995 814 2034 sublesta⁵eius
835 2005 894 2034 fide
916 2005 1060 2034 Eckhelii
1081 2005 1179 2035 doctr.
1205 2016 1323 2035 numm.
1351 2012 1413 2036 vet.
1437 2007 1477 2036 T.
1495 2006 1522 2035 I.
1547 2017 1577 2045 p.
1596 2007 1698 2035 CXLI
1721 2017 1788 2046 sqq.

446 2056 531 2086 Ain-r.
547 2056 725 2086 Aoosrmo
745 2054 978 2096 (archiepiscopi
987 2055 1238 2096 Tarraconensis)
1257 2055 1396 2096 dialogos
1411 2056 1446 2085 de
1461 2055 1506 2086 las
1519 2055 1676 2093 medullas,
1689 2058 1897 2097 inscripciones

357 2114 474 2148 yotras
497 2105 717 2146 aniiguedades.
748 2107 828 2136 Cum
843 2107 913 2147 figg.
939 2107 1132 2147 Tarragonae
1158 2110 1252 2138 1587.
1270 2110 1300 2138 4.
1330 2108 1451 2137 Madrid
1472 2108 1567 2138 1744.
1592 2108 1624 2137 4.
1650 2108 1697 2137 ed.
1717 2108 1770 2137 lat.
1790 2109 1894 2137 Antw.

360 2160 444 2188 1617
466 2157 523 2186 fol.
553 2158 615 2186 ital.
640 2158 755 2186 Romae
781 2160 874 2187 1592.

448 2209 547 2238 Pnu-
566 2209 730 2238 Pinus-An
756 2207 994 2248 (Panormitam,
1019 2210 1043 2249 -ζ-
1061 2208 1161 2249 1629)
1187 2208 1218 2238 Ζα
1230 2208 1343 2239 Sicilia
1357 2208 1499 2239 deserina
1514 2220 1569 2238 con
1582 2208 1736 2249 medaglie.
1760 2210 1898 2239 Palermo

366 2262 448 2291 1612
471 2259 528 2289 fol.
577 2260 651 2288 Con·
668 2260 808 2299 aggiunta
830 2259 868 2288 da
889 2260 989 2289 Leon.
1013 2260 1165 2299 Agostini.
1204 2261 1344 2290 Palermo
1365 2263 1459 2290 1612.
1490 2261 1588 2289 Roma
1612 2261 1704 2290 1649.

449 2310 558 2341 Eiusd.
590 2315 620 2339 et
647 2310 755 2340 LEON.
780 2310 972 2340 AUGUSTIM
994 2309 1106 2340 Sicilia
1127 2312 1334 2341 numismatica
1356 2312 1469 2351 ingenti
1489 2322 1606 2340 numero
1630 2310 1795 2340 tabularum
1817 2309 1900 2341 locu»

363 2361 496 2404 pletura,
525 2360 624 2391 studio
647 2362 758 2391 SIGEB.
782 2362 1028 2391 HszncAMm.
1053 2362 1155 2402 Lugd.
1180 2363 1249 2391 Bat.
1278 2366 1371 2392 1723.
1397 2362 1452 2391 fol.

451 2413 556 2442 Bnm.
582 2413 741 2442 Amnem
767 2411 934 2452 (canonici
959 2411 1182 2452 Cordoveusis)
1206 2414 1308 2442 varias
1329 2411 1552 2453 Antigueclades
1575 2412 1610 2441 de
1628 2411 1761 2452 Espar'ia,
1785 2410 1899 2453 Africa

359 2476 383 2506 y
408 2471 491 2506 otrqs
517 2464 700 2504 provincias.
746 2464 795 2492 En
818 2463 965 2492 Amberes
990 2466 1084 2493 1614.
1117 2464 1136 2493 4
1161 2464 1231 2504 maj.
1269 2465 1350 2493 Vide
1372 2475 1439 2504 pag.
1468 2468 1540 2494 179.
1594 2464 1679 2492 Idem
1707 2453 1785 2492 liher
1813 2462 1900 2490 etiam

365 2515 551 2545 collectanea
572 2514 609 2543 de
631 2512 734 2553 lingua
752 2514 864 2553 punica
880 2515 1016 2544 continet
1030 2525 1098 2554 pag.
1119 2515 1309 2545 180—239.
1353 2515 1546 2553 Lessmgium
1569 2514 1660 2543 huius
1683 2513 1783 2553 operis
1806 2512 1901 2540 inter-

368 2566 571 2606 pretationem
594 2575 687 2604 germ.
709 2565 850 2594 molitum
874 2575 956 2601 esse,
981 2565 1116 2605 intelligo
1139 2576 1178 2595 ex
1201 2566 1266 2594 eius
1288 2566 1349 2595 vita
1373 2565 1497 2605 (Berlin
1523 2564 1624 2604 1793)
1648 2565 1687 2593 T.
1704 2564 1719 2592 Ι
1741 2572 1772 2600 p.
1796 2563 1866 2591 152.

460 2618 554 2647 Vmc.
577 2617 696 2646 IOANN.
731 2626 771 2646 DE
795 2616 1004 2646 LASTANOSA
1034 2615 1143 2646 Museo
1171 2614 1206 2644 de
1236 2615 1280 2645 las
1310 2614 1455 2646 medullas
1485 2612 1694 2644 desconocidas
1724 2610 1900 2652 Espafiolas.

367 2667 490 2698 Huesca
513 2668 604 2698 164⁵.
652 2669 683 2697 4.

1507 2726 1521 2752 1
