2242 2976
254 300 594 335 PSEUDOPHOEN.
612 300 671 334 ΕΤ
688 300 809 334 SPUR.
829 300 1021 334 LXXVIII.
1037 301 1201 334 LXXIX.
1221 300 1378 334 CYREN.
1393 300 1453 334 ΕΤ
1468 301 1737 336 ATLANTICA.
1782 305 1857 343 259

230 398 302 440 ipse
318 395 418 428 multo
437 395 548 428 labore
561 397 664 427 evasit
680 407 750 427 curn
765 402 914 438 quattuor
930 395 1007 427 filiis
1018 419 1033 435 ,,
1052 394 1182 434 Cresso,
1205 394 1326 427 Cadmo
1343 407 1413 428 cum
1425 396 1587 429 Eleun’de
1603 396 1682 436 filio,
1707 396 1855 440 Pelasgo,

231 452 332 493 Jano,
374 454 427 495 qui
458 452 604 492 Cretam,
640 452 791 490 Thebas,
815 451 1030 491 ⁴*1⁴Jleusidem,
1068 451 1239 484 Arcadiam
1270 459 1331 484 cet.
1371 454 1529 491 condunt,
1564 453 1672 496 ibique
1705 455 1857 495 mysteria

231 510 408 541 instituunt.
459 509 588 541 Primus
617 515 723 540 autem
753 507 927 540 Atlantidis
958 520 1017 540 rex
1046 509 1107 540 fuit
1136 507 1228 539 Atlas
1259 508 1292 547 1,
1331 507 1484 550 Neptuni
1503 510 1604 548 filius·
1641 511 1690 551 [v.
1721 512 1854 552 supraJ,

230 567 446 597 astronomiae
478 567 711 608 peritissimus,
749 567 802 608 qui
832 567 864 597 in
897 571 1004 596 monte
1033 566 1217 607 cognomini
1242 564 1352 596 stellas
1375 564 1499 597 solebat
1524 567 1717 598 observare:
1753 578 1771 598 a
1795 577 1856 609 quo

232 622 272 653 nd
299 621 447 664 Ogygem
464 621 526 660 III,
550 621 694 653 ultimum
714 632 835 664 regem,
859 620 1056 653 effluxerunt
1079 622 1154 652 anni
1178 622 1290 652 novies
1314 620 1401 652 mille
1424 629 1455 652 et
1479 633 1612 661 novem,
1644 634 1722 665 quos
1746 623 1856 655 decem

231 689 342 720 regum
365 679 534 720 imperium
557 677 708 720 explevit.
751 677 796 709 Hi
818 683 945 720 praeter
966 676 1128 709 Atlantem
1151 685 1225 709 sunt
1251 677 1396 709 Gadirus
1417 677 1447 716 I,
1484 678 1614 721 Ogygei⁸
1635 678 1668 717 I,
1698 679 1856 719 Hooram,

232 733 367 766 Debber
389 735 442 773 „i.
460 745 488 766 e.
506 745 603 777 eques
620 746 638 765 a
654 733 735 766 debb
757 735 810 776 (in
828 733 939 776 lingua
951 732 1138 776 Melitensi)
1161 737 1300 776 equus“,
1328 734 1490 770 Ohannein
1508 735 1561 776 qui
1575 745 1689 777 magna
1705 738 1858 778 mysteria

231 792 465 823 communionis
480 790 636 823 bonorum
651 791 806 828 instituit,
831 792 927 832 piscis
943 791 1078 822 sormam
1093 792 1209 822 vestitu
1224 791 1364 821 imitatus
1374 813 1384 829 ‚
1408 791 1531 832 quoties
1548 790 1724 822 celebraret
1740 800 1856 834 myste-

232 848 291 885 ria,
319 847 449 890 Ogyges
462 847 502 885 II,
529 847 674 878 Gadirm
689 846 731 886 II,
760 846 885 878 Lahem
907 848 929 878 i.
945 858 972 878 e.
996 858 1070 878 caro
1094 846 1183 887 (scil.
1206 845 1316 889 lingua
1335 846 1528 887 Melitensi)‚
1563 848 1616 889 qui
1639 847 1758 879 abolito
1781 860 1857 880 con-

232 903 331 935 nubio
350 905 604 935 communionem
620 903 788 935 mulierum
804 902 962 945 publicam
983 903 1077 942 fecit,
1101 902 1214 934 ultimo
1230 902 1303 934 loco
1321 903 1450 946 Ogyges
1466 902 1522 934 III.
1566 903 1696 935 Praeter
1709 915 1776 943 eos,
1802 907 1856 947 qui

232 970 303 991 oum
319 958 434 1002 Ogyge
449 959 604 999 diluvium
621 959 812 1002 effugerunt,
831 961 922 1000 pauci
936 959 1091 991 Atlantici
1107 970 1177 990 cum
1192 966 1340 1001 quattuor
1357 958 1477 1001 regulis
1491 963 1704 1001 pervenerunt
1717 962 1748 991 in
1768 972 1857 993 oram

232 1015 404 1056 Libycam,
428 1026 508 1058 quae
531 1016 610 1047 Tre:
624 1017 790 1047 columnae
805 1015 963 1046 Herculis
985 1022 1133 1054 vocatur,
1151 1015 1207 1046 nbi
1227 1014 1319 1047 Atlas
1342 1014 1372 1046 II
1392 1015 1432 1046 ab
1448 1014 1512 1046 illis
1530 1016 1596 1046 dux
1612 1023 1737 1048 creatus
1753 1025 1808 1048 est
1833 1021 1854 1037 “

359 1071 505 1103 Festivas
536 1073 614 1102 istas
644 1082 746 1112 nugas
783 1081 825 1101 ex
865 1070 1008 1102 Platonis
1044 1071 1084 1102 de
1123 1070 1287 1102 Atlantide
1324 1070 1435 1102 fabula
1470 1070 1601 1102 haustas
1637 1078 1669 1102 et
1705 1072 1857 1105 adhibitis

232 1127 393 1160 similibus
426 1126 559 1166 Berosi,
595 1127 739 1160 Philonis
771 1127 878 1168 Byblii
909 1126 950 1160 al.
982 1128 1170 1158 commentis
1205 1124 1443 1158 consarcinatas
1471 1137 1542 1158 esse
1576 1138 1614 1158 eo
1638 1128 1792 1167 consilio,
1824 1137 1859 1161 ut

231 1183 279 1216 ill.
301 1183 500 1216 Marchionis
521 1184 561 1215 de
585 1183 706 1215 diluvio
730 1183 877 1226 Ogygico
900 1190 932 1215 et
956 1184 994 1215 de
1017 1183 1173 1215 bonorum
1191 1181 1423 1225 mulierumque
1442 1184 1683 1222 communione,
1708 1192 1857 1216 aeternae

233 1240 398 1273 felicitatis
426 1240 533 1279 fonte,
573 1241 737 1271 doctrinae
778 1251 862 1271 novo
899 1240 1034 1281 quodam
1074 1240 1270 1282 antiquitatis
1305 1240 1488 1270 testimonio
1524 1238 1790 1271 confirmarentur
1826 1249 1858 1273 et

233 1296 487 1334 illustrarentur,
519 1297 590 1338 quis
612 1303 679 1334 est,
715 1297 789 1338 quin
814 1296 907 1328 nobis
931 1297 1028 1327 etiam
1051 1307 1114 1327 non
1138 1294 1342 1327 monentibus
1366 1295 1549 1336 pervideat?
1581 1294 1693 1337 Neque
1714 1297 1858 1338 profecto

235 1363 293 1384 nos
315 1352 366 1384 his
389 1353 518 1394 ineptiis
539 1353 738 1394 exponendis
761 1359 881 1384 tantum
904 1353 1002 1394 spatii
1025 1353 1142 1394 otiique
1164 1352 1444 1389 insumsissemus‚
1475 1352 1538 1382 nisi
1560 1361 1601 1382 ex
1625 1350 1689 1383 illis
1705 1353 1859 1393 penderet

234 1409 386 1440 iudicium
419 1409 459 1440 de
489 1408 667 1450 Cyrenaico
699 1410 796 1440 etiam
826 1408 916 1440 titulo
939 1408 1140 1447 faciendum,
1176 1408 1215 1439 ad
1239 1418 1331 1449 quem
1354 1408 1417 1438 iam
1441 1409 1551 1449 paucis
1574 1408 1771 1439 redeundum
1797 1415 1856 1448 est,

235 1471 270 1496 ut
292 1466 401 1506 opinio
423 1465 463 1496 de
487 1467 556 1496 eius
579 1466 767 1496 auctoritate
790 1463 890 1497 semel
913 1466 1154 1507 exstinguatur,
1184 1474 1286 1506 neque
1309 1464 1342 1495 in
1365 1470 1528 1505 posterum
1559 1465 1769 1506 suppositicio
1791 1465 1857 1497 fetu

235 1520 426 1553 deludantur
454 1528 486 1552 et
514 1520 747 1564 Palaeographi
780 1528 812 1552 et
833 1520 1004 1563 Theologi.
1049 1520 1097 1552 Ac
1115 1523 1256 1563 primum
1279 1520 1406 1562 quidem
1428 1521 1571 1551 omnium
1592 1521 1726 1551 istorum
1747 1532 1858 1553 monu-

234 1583 415 1608 mentorum
435 1578 520 1608 idem
543 1584 592 1609 est
604 1577 699 1616 fons.
744 1576 955 1618 Cyrenaicam
971 1577 1055 1608 enim
1072 1575 1248 1619 bilinguem
1263 1576 1348 1607 idem
1363 1577 1450 1607 misit
1463 1575 1668 1618 Grongnetus
1684 1584 1857 1618 geometra,

237 1635 291 1676 qui
318 1632 513 1665 Atlanticum
537 1632 675 1675 lapidem
698 1639 730 1665 et
751 1632 879 1665 Euinali
901 1632 1019 1664 librum
1042 1633 1174 1663 invenit.
1221 1631 1311 1664 Dein
1333 1631 1457 1663 litterae
1480 1631 1671 1663 Phoeniciae
1695 1634 1858 1676 utriusque

237 1691 435 1722 monumenti
457 1690 589 1721 eaedem
611 1697 699 1722 sunt:
724 1696 755 1721 et
771 1688 940 1730 Cyrenaici
955 1689 1083 1732 quidem
1099 1688 1182 1720 tituli
1196 1688 1312 1727 lectio,
1337 1699 1417 1731 quae
1432 1690 1520 1730 prius
1533 1696 1664 1731 propter
1688 1689 1858 1721 nonnullas

238 1747 360 1789 figuras
384 1752 480 1777 antea
501 1747 660 1777 inauditas
683 1745 834 1787 ambigua
856 1746 936 1783 fuit,
973 1756 1057 1776 nunc
1079 1746 1205 1776 demum
1230 1755 1272 1776 ex
1291 1744 1353 1776 hoc
1375 1744 1563 1786 alphabeto,
1592 1744 1677 1786 quod
1698 1744 1859 1778 Atlantico

238 1800 331 1833 titulo
362 1802 483 1833 addidit
510 1802 637 1840 Fortia,
676 1802 820 1844 expediri
850 1807 962 1843 potest.
1011 1801 1167 1832 Litteram
1192 1808 1241 1844 ³5,
1282 1812 1375 1844 quam
1399 1811 1459 1842 ego
1482 1811 1539 1842 pro
1562 1800 1765 1842 simplicitate
1788 1813 1860 1834 mea

240 1871 302 1892 non
335 1866 479 1902 poteram
511 1871 574 1891 non
604 1871 645 1891 ex
677 1859 803 1902 legibus
830 1859 1106 1902 palaeographicis
1136 1859 1264 1891 aliunde
1295 1861 1379 1890 notis
1410 1858 1473 1890 Tet
1501 1870 1572 1890 esse
1595 1870 1744 1898 censere,
1774 1871 1860 1893 nunc

241 1918 369 1949 demum
399 1915 568 1954 intellexi,
611 1918 750 1948 auctoris
780 1917 879 1958 ipsius
908 1917 1066 1947 sententia
1107 1916 1166 1947 ΟΥ
1192 1915 1335 1946 vocalem
1366 1926 1455 1954 esse,
1491 1916 1524 1946 in
1555 1915 1739 1947 Phoeniciis
1770 1918 1861 1949 inau-

241 1973 358 2012 ditam,
396 1973 442 2003 ita
476 1979 510 2004 ut
540 1974 680 2015 quinque
716 1972 840 2004 litterae
875 1973 907 2003 in
945 1983 1069 2003 summo
1104 1971 1209 2014 lapide
1246 1978 1346 2005 &rix-:³
1375 1985 1416 2000 =
1444 1971 1571 2003 Jehova
1608 1972 1693 2014 (non
1731 1976 1859 2015 &mr-1³)

240 2028 499 2071 pronunciandae
523 2029 604 2068 sint,
633 2028 690 2060 lin.
707 2032 726 2060 2
748 2040 816 2060 voc.
832 2033 853 2059 4
876 2025 958 2062 *1705
979 2030 1062 2070 (non
1087 2029 1222 2070 anot-t),
1254 2027 1311 2059 lin.
1335 2031 1354 2060 3
1377 2039 1447 2059 voc.
1463 2032 1484 2058 4
1509 2036 1594 2062 *moa
1617 2030 1700 2068 (non
1724 2038 1821 2063 *aava
1833 2031 1857 2072 ).

241 2084 377 2127 Signum
404 2086 499 2116 etiam
544 2075 601 2145 2,
638 2087 727 2116 cuius
759 2092 901 2127 potestas
937 2085 1030 2116 Waw
1058 2084 1138 2116 mihi
1161 2096 1224 2116 non
1248 2086 1376 2127 cognita
1400 2091 1468 2116 erat
1498 2085 1548 2125 (v.
1572 2096 1643 2127 pag.
1669 2089 1751 2126 24),
1788 2097 1860 2118 sero

240 2143 387 2175 intellexi
418 2155 460 2175 ex
490 2143 669 2185 alphabetis
699 2143 887 2186 quibusdam
917 2142 1099 2175 Phoeniciis
1129 2145 1260 2185 petitum
1292 2154 1383 2182 esse,
1421 2145 1473 2185 qui
1504 2143 1586 2189 hanc
1614 2146 1644 2175 ei
1673 2152 1861 2187 potestatem

241 2200 428 2232 tribuerunt.
485 2200 561 2231 Tum
593 2201 688 2231 etiam
720 2210 826 2231 sermo
854 2199 1022 2240 Cyrenaici
1052 2199 1134 2231 tituli
1162 2199 1328 2231 vocabulis
1352 2199 1576 2231 Melitensibus
1599 2203 1777 2243 permixtus
1801 2209 1860 2241 est,

242 2256 326 2298 quod
348 2257 376 2287 si
398 2266 516 2298 ponere
541 2257 736 2298 potuissem,
776 2258 808 2287 in
832 2267 871 2286 eo
892 2256 1130 2297 interpretando
1153 2256 1293 2297 profecto
1317 2267 1380 2287 non
1402 2257 1464 2296 ita,
1501 2263 1537 2288 ut
1559 2256 1638 2295 feci,
1675 2257 1861 2291 haesissem.
1907 2271 1911 2278 ·

244 2310 289 2343 Ut
317 2314 402 2344 enim
431 2312 593 2343 Atlantica
615 2313 780 2355 inscriptio
804 2311 968 2343 Melitensi
990 2312 1140 2343 idiomate
1163 2313 1279 2354 scripta
1302 2318 1350 2343 est
1373 2312 1536 2344 vocabulis
1558 2313 1718 2345 Hebraeis
1744 2321 1862 2356 tempe-

245 2374 333 2406 rato,
369 2370 415 2400 ita
446 2367 624 2410 Cyrenaica
644 2369 804 2400 Hebraeis
828 2366 1060 2410 chaldaeisque
1086 2375 1209 2399 constat
1231 2368 1381 2407 vocibus,
1419 2368 1532 2411 quibus
1556 2380 1651 2401 voces
1675 2370 1861 2413 formaeque

245 2422 431 2456 Melitenses
458 2425 620 2456 admixtae
649 2432 733 2457 sunt.
786 2424 868 2456 Nam
891 2435 969 2466 quas
993 2426 1139 2456 notiones
1163 2424 1312 2462 hebraice
1336 2426 1517 2467 exprimere
1541 2437 1604 2457 non
1628 2433 1754 2468 poterat
1774 2426 1862 2457 frau-

246 2480 356 2519 dator,
396 2481 446 2513 his
473 2481 660 2513 Melitenses
689 2492 784 2513 voces
816 2480 998 2513 adhibebat.
1049 2481 1096 2512 Ita
1126 2484 1372 2513 communionem
1401 2482 1481 2513 dixit
1509 2491 1621 2515 ten-mv
1650 2484 1672 2514 i.
1703 2493 1731 2512 e.
1764 2481 1859 2513 melit.

247 2535 381 2576 schyrka
403 2537 509 2579 (arab.
528 2540 634 2590 ἴῃῖῃ)
662 2537 802 2569 Vassall.
833 2548 863 2579 p.
882 2539 962 2576 695,
999 2544 1031 2569 et
1060 2539 1192 2581 genitivi
1221 2544 1328 2570 notam
1350 2537 1427 2568 fecit
1449 2547 1495 2570 &n
1517 2550 1559 2570 ex
1582 2538 1680 2570 melit.
1703 2543 1740 2569 ta
1761 2539 1861 2589 (ἓ),

249 2595 332 2626 unde
356 2604 427 2638 ras
450 2605 609 2639 apum-,mn
631 2599 660 2628 ei
685 2605 748 2628 est:
773 2599 925 2628 iustitiae
937 2596 1039 2636 sons,
1066 2606 1146 2631 sam-1
1163 2606 1297 2631 &aman
1322 2597 1407 2638 legis
1419 2596 1689 2635 fundamentum,
1713 2598 1864 2630 nibswsn

250 2661 333 2685 5³0&
355 2655 450 2694 pacit
471 2654 646 2693 vinculum,
679 2665 759 2697 quae
783 2664 876 2696 quam
899 2652 1033 2685 barbara
1057 2657 1120 2686 sint
1145 2661 1175 2684 et
1198 2653 1237 2684 ab
1262 2654 1463 2693 antiquorum
1487 2665 1545 2684 usu
1569 2653 1693 2692 aliena,
1731 2664 1794 2684 non
1817 2660 1865 2685 est

1402 2710 1441 2738 33
1465 2708 1486 2730 *
