2242 2976
627 269 745 302 NUMI
766 268 918 302 PUNICI
939 267 1174 301 HISPANICI.
1224 268 1322 306 XIX.
1345 268 1542 302 MALACA.
1818 274 1892 310 313

269 367 407 398 nominis
436 364 598 404 Μάλακα,
632 366 812 396 accuratius
844 362 1005 396 Malacha
1033 374 1104 395 cum
1133 362 1237 394 vocali
1259 363 1292 395 A
1316 365 1349 395 in
1373 363 1473 396 altera
1495 363 1620 405 syllaba
1643 371 1675 396 et
1695 373 1716 397 2
1740 364 1889 408 raphato:

268 434 364 466 quum
384 423 474 458 naba
499 421 612 464 (ns-⁷273
635 421 746 468 ι-ιξξ-γρ)
769 431 884 464 graece
906 426 939 451 et
962 418 1062 450 latine
1085 419 1283 451 efferendum
1305 427 1390 451 esset
1412 420 1550 460 Μάλκα,
1573 421 1710 453 Malea:
1731 421 1891 454 Malacha

266 486 371 511 autem
394 480 433 511 ad
456 465 610 524 amussim
626 465 777 520 exprimit
791 476 905 520 phoen.
922 477 1054 514 nznbn,
1078 475 1195 507 Schwa
1214 477 1336 518 primae
1352 475 1494 517 syllabae
1512 479 1542 508 in
1559 489 1580 509 a
1595 485 1735 517 mutato,
1757 489 1798 509 ex
1815 486 1891 511 noto

266 535 397 567 Canone
420 536 463 578 (v.
479 534 533 567 lib.
546 534 595 566 lv
611 545 676 576 cap.
693 537 723 566 4.
740 532 899 575 Lehrgeb.
915 543 943 574 p.
960 532 1025 573 69).
1047 531 1162 563 Altera
1175 533 1208 563 in
1226 542 1261 563 re
1275 532 1363 574 ipsa:
1380 532 1506 564 Malaca
1521 535 1617 572 enim,
1641 546 1733 576 quam
1748 534 1888 567 officinis

267 591 496 634 metallurgicis
518 590 700 622 abundasse
724 601 819 632 quum
837 595 966 631 propter
980 590 1076 620 situm
1096 589 1135 620 ad
1152 595 1293 620 montem
1309 588 1534 621 metalliferum
1553 590 1706 622 credibile
1723 598 1790 630 est,
1820 599 1887 623 tum

266 647 403 679 Cabirus
419 653 553 679 testatur
566 647 650 689 (sive
658 645 825 677 Vulcanus
840 646 908 677 sive
924 644 1007 676 alius
1023 646 1194 687 quispiam)
1211 655 1282 676 cum
1298 644 1419 687 forcipe
1432 647 1463 676 in
1482 647 1550 678 eius
1566 648 1671 678 numis
1689 650 1889 690 conspicuus,

266 711 337 746 apte
354 711 480 746 poterat
492 705 607 737 nzetbn
622 702 766 742 qsficina
781 703 907 740 vocari,
920 704 1051 744 ·regina
1067 702 1122 732 vix
1139 707 1274 743 poterat,
1299 711 1395 743 quum
1410 701 1489 733 haec
1505 702 1582 734 urbs
1598 705 1668 745 ipsa
1686 703 1788 736 libera
1804 706 1888 736 inter

266 760 346 792 alias
376 760 474 792 urbes
501 759 621 792 liberas
643 766 676 791 et
697 760 874 791 maritimas
896 760 957 790 sita
979 764 1075 790 esset.
1119 755 1269 789 Ceterum
1299 757 1384 789 haud
1406 759 1474 790 scio
1497 769 1536 790 an
1560 760 1651 793 nzbn
1675 760 1794 803 ubique
1816 772 1887 793 cum

266 817 385 859 forcipe
408 818 615 849 coniunctum
637 819 733 847 etiam
754 814 893 858 legendo
919 826 991 847 cum
1013 814 1075 846 hoc
1098 813 1262 846 fabrorum
1284 815 1497 846 instrumento
1520 822 1552 846 et
1574 815 1764 848 emblemate
1790 829 1888 860 copu-

266 872 396 904 landum
427 874 485 912 sit,
524 879 559 904 ut
594 872 719 914 plenius
747 871 837 903 urbis
867 882 985 903 nomeu
1015 871 1114 903 fuerit
1144 878 1219 904 izv-in
1253 872 1343 904 17:¹27:
1375 871 1542 913 opificium
1559 872 1739 911 fabrorum
1762 874 1889 915 (Exod.

265 928 286 959 l.
317 930 383 970 c.),
415 929 456 961 cf.
480 928 565 960 infra
587 929 628 960 ad
651 938 765 960 numos
787 927 916 960 Vaccae
945 929 979 959 in
1002 926 1167 958 Numidia.

390 983 516 1017 Numos
552 986 623 1016 eius
656 985 825 1016 ediderunt
858 983 1043 1025 Velasquez
1083 983 1147 1014 tab.
1179 985 1229 1015 16.
1273 982 1387 1015 Florez
1423 983 1487 1015 tab.
1518 986 1568 1016 57.
1606 985 1725 1017 Sestini
1759 986 1822 1018 tab.
1855 991 1885 1019 3.

266 1040 472 1082 Barthelemy
493 1040 585 1072 lettre
607 1041 627 1071 a
650 1039 788 1071 Olivieri
810 1039 875 1071 tab.
899 1043 930 1070 4.
966 1038 1118 1070 Mueuter
1142 1037 1212 1069 Rel.
1236 1039 1267 1070 d.
1291 1038 1470 1082 Carthager
1492 1039 1555 1072 tab.
1579 1044 1610 1073 2.
1649 1041 1798 1074 Mionnet
1823 1043 1887 1075 Vll

266 1097 328 1129 tab.
348 1099 399 1129 30.
436 1097 476 1129 cf.
496 1096 663 1139 Lindberg
684 1107 715 1138 p.
741 1099 791 1127 21.

438 1153 548 1195 Typus
567 1160 633 1185 est:
1118 1182 1119 1185 ,

397 1210 505 1252 Caput
526 1196 647 1242 'cabira‘
667 1208 849 1252 (Vulcani)
875 1208 1045 1240 barbatum
1068 1213 1102 1240 et
1119 1210 1211 1252 pileo
1242 1213 1364 1241 tectum
1393 1210 1439 1240 ad
1459 1210 1489 1241 d.
1514 1210 1578 1251 (al.
1603 1211 1649 1242 ad
1667 1213 1767 1253 sim),
1805 1225 1888 1255 pone

256 1266 397 1308 forceps
425 1273 457 1297 et
479 1267 644 1308 inscriptio
668 1267 777 1305 17:372,
810 1276 891 1307 quae
914 1267 948 1296 iu
974 1264 1046 1296 aliis
1069 1264 1225 1307 exemplis
1247 1273 1321 1297 ante
1339 1266 1455 1297 faciem
1478 1272 1536 1298 est.
1558 1267 1584 1308 )(
1610 1267 1716 1309 Caput
1734 1270 1890 1302 muliebre

267 1320 437 1354 adversum
458 1322 643 1365 radiatum,
674 1323 708 1354 in
731 1321 803 1353 aliis
826 1322 923 1353 atella
943 1325 1015 1355 octo
1038 1321 1222 1361 radiorum,
1253 1322 1287 1353 in
1314 1321 1387 1354 aliis
1411 1323 1560 1364 templum
1581 1326 1797 1366 tetrastylum.
1818 1325 1889 1359 ΑΕ.

357 1374 373 1381 ”’
392 1368 583 1421 Exemplum
605 1378 664 1410 litt.
687 1378 727 1410 A.
749 1378 835 1410 dedit
858 1373 1003 1419 Bayer‘us
1032 1373 1097 1409 tab.
1120 1382 1152 1416 4,
1182 1389 1234 1410 no.
1265 1381 1304 1410 17
1338 1379 1378 1411 cf.
1408 1378 1591 1422 Velasquez
1619 1379 1683 1411 tab.
1708 1384 1758 1420 17,
1782 1392 1835 1413 uo.
1857 1388 1888 1414 4.

265 1423 468 1478 Epigraphas
497 1434 535 1466 B.
561 1434 598 1466 C.
630 1434 671 1466 D.
695 1435 723 1466 E
744 1446 763 1466 a
785 1434 984 1477 Lindbergio
1007 1435 1215 1476 repetivimus
1248 1434 1320 1479 tab,
1335 1434 1393 1474 IV,
1428 1438 1476 1467 19.
1501 1438 1553 1468 20.
1584 1439 1635 1468 21.
1668 1440 1728 1476 22,
1765 1437 1817 1469 hic
1847 1449 1890 1470 ex

265 1491 422 1534 exemplis
444 1491 706 1530 Hauniensibus,
736 1491 772 1522 F.
794 1490 833 1522 G.
855 1491 889 1522 H
912 1489 931 1521 a
949 1482 1169 1534 “Velasquezio
1191 1489 1213 1522 l.
1236 1502 1261 1523 c.
1290 1502 1343 1523 uo.
1368 1494 1397 1524 5.
1421 1494 1453 1524 6.
1476 1494 1514 1531 7,
1552 1503 1633 1535 quae
1655 1494 1760 1525 minus
1783 1501 1888 1526 certae

263 1547 340 1580 fidei
363 1554 447 1580 sunt.

325 1618 332 1628 ⁴
392 1604 430 1636 In
461 1615 526 1636 uuo
557 1603 705 1647 exemplo
735 1604 766 1636 D
796 1615 853 1646 pro
889 1603 959 1635 Tau
990 1613 1061 1634 esse
1091 1603 1215 1634 videtur
1243 1603 1317 1643 He,
1348 1606 1455 1648 itaque
1478 1606 1568 1640 27:572
1590 1607 1693 1648 ipsum
1717 1606 1886 1646 Malacha,

267 1673 323 1704 pro
339 1661 455 1700 abba,
491 1673 571 1704 quae
593 1663 752 1704 posterior
773 1661 877 1692 forma
898 1661 930 1691 in
957 1659 1142 1691 Phoeniciis
1167 1660 1314 1692 usitatior
1336 1668 1396 1694 est.

748 1886 995 1919 CAPUT
1045 1886 1411 1924 QUINTUM.

563 1966 767 2010 NUMI
818 1972 1111 2009 PUNICI
1163 1972 1591 2010 AFRICANI.

398 2082 504 2121 Quum
542 2083 640 2123 ipsius
682 2080 889 2123 Carthaginis
927 2082 995 2112 sive
1032 2080 1153 2113 liberae
1182 2082 1250 2112 sive
1281 2080 1445 2112 Romanae
1475 2084 1564 2113 numi
1597 2083 1716 2115 Punice
1747 2086 1890 2128 inscripti

270 2151 334 2173 non
374 2146 501 2171 exstent
535 2139 567 2179 ³)
590 2161 598 2176 ‚
645 2145 756 2169 contra
795 2137 962 2179 probabile
1008 2139 1067 2176 sit,
1117 2136 1387 2180 Carthaginenses
1427 2137 1548 2170 liberos
1591 2148 1720 2171 moneta
1765 2142 1891 2183 signata

269 2208 345 2229 usos
381 2207 446 2228 non
484 2205 554 2226 esse
592 2195 641 2235 (v.
680 2194 815 2226 Eckhel.
850 2194 892 2226 D.
922 2192 962 2225 N.
1003 2193 1051 2225 IV
1090 2205 1162 2236 pag.
1203 2195 1298 2235 137):
1352 2196 1475 2233 cuncti,
1519 2197 1573 2238 qui
1608 2204 1753 2235 exstant,
1800 2198 1888 2228 numi

271 2252 416 2285 Africani
461 2251 580 2283 Punice
625 2252 773 2292 inscripti
816 2249 868 2281 vel
912 2252 992 2292 regii
1037 2257 1111 2282 sunt
1155 2261 1174 2281 a
1220 2249 1391 2282 Numidiae
1432 2251 1563 2294 regibus
1608 2252 1688 2284 Iuba
1731 2252 1746 2283 I
1788 2261 1819 2283 et
1859 2252 1889 2284 11

271 2310 406 2351 signati,
447 2307 498 2338 vel
526 2309 689 2339 autonomi
718 2307 845 2338 urbium
874 2308 907 2338 in
937 2306 1092 2338 honorem
1121 2305 1339 2349 Augustorum
1370 2309 1448 2339 cusi.
1491 2307 1527 2339 In
1552 2311 1695 2352 utrisque
1719 2319 1756 2339 ea
1778 2309 1887 2351 depre-

321 2436 345 2469 *)
372 2436 447 2462 Licet
472 2437 541 2463 enim
568 2436 664 2460 ΠΨἿΠ
688 2437 757 2471 ΠἾΡ
789 2435 873 2468 (urbs
898 2436 988 2465 nova)
1014 2435 1042 2460 in
1112 2444 1138 2463 v.
1155 2444 1177 2461 c.
1199 2437 1271 2462 numi
1289 2437 1392 2471 Pegaso
1411 2436 1529 2472 insignes
1551 2438 1595 2469 (p.
1611 2435 1695 2469 294),
1725 2437 1756 2462 ad
1775 2436 1885 2462 Cartba-

273 2485 406 2510 uonnullis
427 2485 513 2511 numia
533 2486 636 2521 legatur
653 2489 679 2510 et
695 2493 744 2518 pro
763 2485 918 2515 Carthaginis
934 2483 1043 2509 nomine
1112 2484 1201 2518 ginem
1216 2485 1297 2511 relata
1312 2490 1390 2516 sunt,
1409 2485 1435 2510 id
1457 2486 1541 2510 falsae
1559 2485 1761 2519 epigrapharum
1778 2485 1885 2510 lectioni

272 2533 381 2565 propi-io
404 2533 496 2558 haberi
521 2534 604 2566 possit
634 2535 680 2565 (v.
707 2542 732 2566 p.
760 2532 843 2565 289):
879 2533 928 2557 hos
954 2522 1043 2557 tamen
1111 2533 1279 2558 tribuendum
1304 2538 1352 2562 est,
1382 2547 1414 2552 -
1455 2533 1624 2567 Carthaginis
1651 2535 1783 2558 Romanae
1811 2533 1884 2558 numi

273 2585 367 2605 iuunos
392 2588 445 2605 non
471 2581 648 2616 Carthagine,
674 2582 720 2607 sed
742 2580 865 2606 Panormi
887 2588 966 2606 cusos
984 2588 1043 2606 esse
1112 2582 1188 2606 latine
1217 2581 1337 2614 inscripti
1373 2582 1463 2614 plures
1496 2586 1620 2613 exstant,
1657 2588 1769 2614 quorum
1804 2589 1884 2606 uuum

272 2632 384 2654 constat.
409 2628 486 2662 Quod
502 2637 569 2656 vero
582 2629 632 2654 alia
647 2631 776 2663 quaedam
789 2637 929 2655 numorum
945 2637 1043 2664 genera
1113 2629 1232 2655 dedimus
1251 2630 1294 2654 tab
1325 2629 1364 2655 16.

1464 2681 1504 2709 40
