2242 2976
786 183 794 202 l
861 191 875 205 r

349 259 402 296 74
471 257 604 291 LIBER
627 255 800 290 PRIMUS.
843 253 1218 290 PALAEOGRAPHIA
1239 252 1494 288 PHOENICIA.
1537 254 1685 289 CAPUT
1704 255 1931 295 QUINTUM.

642 350 680 382 Β.
725 349 784 382 DE
812 346 1136 387 ANTIQUISSIMA
1166 347 1407 384 PERSARUM
1427 347 1686 383 scRuerRA.

1106 427 1136 465 9.
1166 427 1217 458 50.

479 495 648 527 Persarum
664 492 910 526 Sassanidarum
928 495 1122 536 scripturam
1143 504 1184 525 ex
1205 493 1339 536 Syriaca
1361 504 1387 525 s.
1412 492 1603 536 Palmyrena
1624 499 1725 526 ortam
1741 490 1830 534 edne,
1853 501 1887 527 et
1900 495 1979 537 satis

355 558 479 584 constat
510 553 593 583 inter
621 549 765 581 eruditos
795 556 828 581 et
855 549 940 582 infra
968 549 1134 582 docebitur
1167 551 1215 592 (ς.
1246 549 1317 591 54).
1374 550 1439 582 Sed
1476 557 1550 582 ante
1579 551 1740 582 invectum
1771 560 1889 583 novum
1916 549 1980 583 hoc

353 610 530 651 scripturae
559 617 663 649 genus
692 607 756 638 iam
786 605 873 639 aliud
903 607 1059 649 quoddam
1091 608 1253 650 antiquius
1276 608 1309 638 in
1332 617 1392 639 usu
1414 606 1532 646 fuisse,
1567 614 1634 639 tum
1657 617 1709 639 res
1730 607 1801 650 ipsa
1819 607 1924 649 poscit*
1940 605 1980 649 Ἴ,

354 672 419 697 tum
449 671 557 710 vetera
587 669 793 694 monumenta
823 670 1018 702 monstrant,
1056 664 1090 695 in
1120 662 1235 706 quibus
1266 670 1391 706 praeter
1421 662 1655 696 nobilissimam
1674 662 1766 695 illam
1788 663 1980 706 scripturam

355 728 521 752 cuneatam
549 720 582 751 in
613 720 714 751 ruinis
745 719 986 759 aedificiorum,
1025 721 1057 751 in
1089 718 1243 752 lateribus
1271 725 1303 751 et
1332 718 1486 762 cylindris
1515 721 1740 763 conspicuam,
1766 717 1862 766 valiut!
1883 713 1995 751 otim'

354 776 551 808 litteraturae
580 777 755 819 specimina
784 777 1007 820 reperiuntur,
1046 787 1139 819 quam
1168 775 1362 808 Phoeniciae
1388 774 1491 808 filiam
1518 786 1591 808 esse
1618 786 1712 808 nemo
1743 767 1839 808 facile
1861 773 1982 819 infitias

355 839 407 864 eat
428 833 491 874 *‘)‚
521 843 699 875 quanquam
723 834 793 875 ipsa
815 840 1022 864 monumenta
1043 831 1152 875 legere
1176 833 1297 864 nemini
1320 832 1485 876 hucusque
1507 833 1651 876 contigit.
1695 831 1770 870 Quo
1784 842 1825 864 ea
1839 824 1982 875 tempori

355 900 374 921 a
395 888 611 921 Phoenicibus
634 889 673 920 ad
697 889 810 921 Persas
833 887 941 920 delata
962 889 1022 928 sit,
1061 890 1247 932 ignoramus
1274 889 1403 932 quidem
1432 900 1504 921 eum
1527 880 1758 932 ignarissimis:
1788 894 1927 920 onumen
1947 887 1981 922 id

356 953 466 978 nostro
487 944 685 977 litteraturae
708 952 874 977 stemmate
895 946 1055 977 secundus
1070 945 1123 977 hic
1145 945 1236 978 loeus
1259 946 1289 977 ei
1312 946 1526 988 assignandus
1547 943 1854 988 videbatur‚.quum
1869 952 1982 976 monu-

356 1010 462 1034 menta
481 1001 534 1033 his
556 1001 670 1033 litteris
692 994 846 1043 inscripta
867 1002 1081 1033 monumentis
1103 999 1253 1034 hebraeis
1275 1009 1307 1034 et
1327 1003 1486 1034 aramaeis
1508 1000 1590 1043 (litt.
1606 999 1643 1034 C.
1659 1001 1710 1044 D)
1733 1007 1877 1044 exparte
1895 1005 1982 1033 certe

356 1059 537 1101 antiquiora
558 1068 630 1089 esse
652 1064 740 1089 certo
762 1064 896 1089 constet.
1124 1055 1128 1058 ’

485 1113 547 1146 uta
567 1121 674 1146 autem
693 1121 901 1146 monumenta
921 1113 1001 1146 haee
1022 1114 1090 1146 fere
1112 1122 1203 1146 sunt:
1240 1114 1274 1158 1)
1297 1117 1389 1146 nunt·
1407 1114 1536 1157 quidam
1559 1118 1703 1147 veteru·
1725 1123 1840 1157 regan
1860 1113 1984 1146 Persa-

357 1181 427 1203 rum
462 1177 536 1202 ante
567 1169 788 1202 Alexandrum
827 1169 1000 1213 Magnum,
1040 1169 1165 1203 Darsa·
1199 1170 1296 1214 vulgo
1330 1171 1408 1203 dieti
1444 1181 1464 1202 a
1499 1169 1804 1213 Numismatologis,
1849 1175 1984 1212 quorun

357 1228 602 1270 descriptionem
624 1233 657 1258 et
677 1227 873 1270 epigraphas
894 1226 1052 1259 habemus
1074 1228 1157 1269 apud
1181 1227 1388 1260 Mt'onnetuut
1409 1225 1450 1259 Τ.
1467 1225 1511 1266 V,
1533 1237 1566 1269 p.
1581 1229 1646 1259 640
1666 1236 1734 1269 sqq.
1753 1224 1795 1269 pl.
1815 1227 1870 1264 29,
1892 1235 1946 1257 no.
1964 1227 1981 1257 Ι

359 1287 460 1316 -14,
484 1286 525 1316 30
547 1283 618 1322 bis,
649 1293 702 1314 no
719 1285 788 1314 7-
797 1286 857 1322 17,
897 1285 950 1326 qui
972 1290 1099 1327 propter
1121 1284 1236 1315 miram
1257 1270 1502 1316 similitudinem
1524 1282 1615 1315 illam
1636 1283 1826 1325 scriptura-t
1843 1279 1986 1324 phoeni*

358 1343 442 1372 ciant
460 1338 613 1382 appellat.

487 1399 520 1434 2)
555 1398 749 1427 nnmtemata
778 1395 1037 1436 Anac-'dmm
1071 1405 1209 1439 quorum
1239 1394 1410 1439 pleraque,
1447 1402 1482 1428 nt
1509 1402 1651 1434 constat,
1687 1404 1804 1438 graece
1829 1394 1984 1437 inscripta

358 1459 449 1490 sunt,
479 1450 634 1484 nonnulla
652 1460 758 1483 tamen
772 1453 916 1494 persice,
939 1463 1074 1496 quorum
1089 1452 1282 1496 epigraphes
1297 1452 1430 1485 exhibet
1444 1451 1639 1485 Minuciae
1651 1449 1717 1484 tab.
1733 1454 1786 1490 29,
1803 1461 1857 1483 no.
1872 1453 1887 1482 1
1900 1451 1982 1490 -8‚

359 1508 398 1541 cf.
419 1507 515 1540 Tom.
533 1508 578 1546 V,
601 1519 631 1549 p.
645 1511 711 1539 686
725 1519 793 1550 sqq.
836 1508 943 1550 Atque
964 1508 1080 1541 horum
1103 1510 1261 1551 scriptura
1283 1508 1460 1552 paullulum
1482 1509 1641 1552 discrepat
1661 1508 1703 1542 ab
1725 1506 1800 1547 illa,
1818 1507 1982 1550 originem

358 1571 465 1596 tamen
492 1563 695 1606 phoeniciam
718 1574 781 1595 nou
804 1565 910 1595 minus
932 1564 1103 1596 manifesto
1126 1575 1201 1608 prae
1224 1576 1259 1597 ae
1281 1565 1352 1597 fert.

488 1621 520 1662 ³)
540 1622 736 1652 numismata
757 1630 871 1663 regunt
887 1619 1049 1653 Bactriae
1070 1632 1134 1653 sec.
1158 1624 1178 1653 3
1197 1628 1230 1653 et
1251 1625 1271 1653 2
1293 1629 1368 1653 ante
1388 1619 1467 1653 Chr.
1487 1631 1522 1653 n.
1540 1631 1647 1663 nuper
1664 1618 1706 1652 ab
1725 1618 1983 1663 Hontgbergm

358 1684 503 1719 reperta,
533 1678 658 1719 graecis
679 1683 712 1708 et
732 1677 865 1719 persicis
890 1675 1005 1709 litteris
1026 1678 1198 1720 inscripta,
1227 1677 1268 1710 ab
1287 1677 1337 1709 ill.
1351 1676 1550 1710 Rouana-’rio
1564 1677 1649 1710 edita
1665 1683 1698 1708 et
1712 1675 1873 1708 illustrata
1893 1675 1984 1718 (vide

360 1736 430 1765 eius
453 1732 616 1775 Supplem.
643 1733 664 1764 ὰ
683 1734 718 1765 la
739 1736 849 1765 notice
869 1743 926 1765 eur
948 1734 1100 1776 quelquee
1122 1734 1290 1766 „sedamen
1309 1734 1366 1766 dee
1387 1733 1471 1766 Boin
1489 1733 1531 1766 de
1546 1734 1582 1765 la
1597 1733 1796 1772 Bac-triane,
1819 1731 1924 1764 Eur.
1938 1731 1985 1764 dn

360 1790 503 1823 Journal
520 1790 577 1821 dec
601 1788 864 1822 Sanam-1835.
893 1793 925 1822 4.
934 1789 957 1832 ).
1001 1789 1204 1834 Epigraphas
1226 1801 1337 1823 earum
1358 1790 1505 1825 Pet-nim
1532 1788 1686 1833 peculiari
1705 1787 1818 1823 libello
1841 1787 1984 1853 illustra·

361 1853 450 1878 turus
471 1853 520 1878 est
545 1845 725 1888 Jacquetus.

487 1905 523 1942 4)
560 1902 612 1934 Ad
640 1902 726 1935 idem
761 1902 938 1944 scripturae
972 1912 1076 1946 genu!
1109 1901 1190 1936 mihi
1226 1904 1386 1946 pertinere
1423 1903 1572 1935 videntur
1600 1904 1795 1935 uanis-tata
1827 1899 1983 1944 quaedam

363 1957 596 2001 Pamphyliae,
620 1957 734 1990 litteris
756 1959 926 2001 inscripta,
948 1969 1032 2001 quae
1054 1958 1245 2002 phoeniciae
1267 1958 1363 2004 vulgo
1384 1958 1561 2004 appellatae
1582 1965 1675 1997 sunt,
1698 1968 1718 1989 a
1732 1958 1860 1989 nemine
1876 1963 1982 1991 tamen

361 2014 569 2058 probabiliter
591 2014 775 2047 enucleatae
798 2015 892 2057 (vide
912 2013 970 2047 lib.
993 2014 1050 2055 Ill,
1075 2026 1145 2058 cap.
1169 2019 1189 2048 2
1210 2015 1308 2058 fine).

489 2070 637 2113 Denique
661 2073 693 2112 5)
715 2072 823 2103 nescio
841 2082 887 2103 an
908 2072 1022 2104 eodem
1045 2071 1233 2104 referendae
1254 2072 1320 2103 sint
1340 2073 1574 2114 incriptione:
1592 2069 1749 2114 quaedam
1769 2070 1803 2103 in
1827 2067 1983 2103 lateribus

361 2126 550 2170 Babyloniis
581 2129 672 2159 iuxta
705 2129 930 2177 inscriptiones
961 2134 1113 2161 cuneatus
1143 2135 1308 2171 repertae,
1349 2138 1483 2171 quarum
1511 2127 1595 2160 duat
1621 2137 1642 2158 a
1671 2126 1817 2159 Bellint‘o
1848 2131 1881 2156 et
1906 2124 1984 2157 Κει-

362 2185 505 2218 Por-tero
528 2194 614 2215 anno
639 2187 718 2216 1818
744 2186 782 2216 in
805 2185 909 2216 ruinis
930 2182 1107 2225 Babylonis
1139 2191 1281 2226 repertas
1309 2183 1501 2217 exhibemus
1530 2185 1627 2219 inser.
1654 2185 1696 2216 77
1724 2191 1754 2214 a.
1785 2171 1805 2214 b
1836 2192 1879 2216 ex
1905 2190 1984 2223 apo·

363 2240 485 2284 grapho
496 2239 613 2282 Rugii,
629 2241 710 2282 quod
727 2240 909 2282 exemplum
923 2239 1058 2274 Bellinii
1071 2247 1219 2277 accurate
1235 2242 1387 2273 imitatur.
1410 2241 1578 2273 Priorem
1569 2250 1634 2272 uun
1648 2239 1734 2273 dedit
1746 2237 1985 2277 Grotffendim

364 2295 610 2340 (Fundgraben
630 2296 687 2327 der
711 2296 843 2328 Oriente
863 2296 911 2328 VI
934 2308 964 2339 p.
982 2300 1053 2330 161.
1074 2300 1136 2330 162
1150 2304 1176 2336 i,
1210 2298 1295 2331 unde
1315 2296 1520 2343 profecerunt
1542 2295 1688 2339 Koppius
1710 2294 1771 2336 (ll,
1790 2305 1824 2341 p.
1848 2293 1931 2336 154)
1952 2299 1984 2324 et

364 2353 419 2387 alii
441 2352 550 2392 multi,
575 2352 674 2396 paulo
683 2351 780 2384 aliter
795 2352 987 2385 delineatam
1011 2355 1058 2392 (v.
1078 2364 1129 2387 uo.
1144 2356 1196 2393 77,
1217 2353 1277 2398 ιιιι)
1299 2353 1465 2387 Robertm
1483 2352 1560 2388 Ker
1574 2349 1871 2394 Porter(Travels
1884 2347 1981 2385 T.‚11.

415 2481 443 2515 ·)
464 2481 631 2508 Memoratur
656 2480 791 2514 antiquior
813 2481 865 2506 hae
866 2481 941 2506 cre
926 2488 985 2506 ears
986 2489 1015 2506 ru
1019 2489 1043 2506 m
1071 2481 1139 2507 scri·
1207 2490 1249 2507 ass
1237 2481 1309 2515 sayri
1294 2490 1355 2507 acas
1370 2490 1437 2515 sepp
1422 2482 1473 2507 elia
1474 2485 1485 2507 t
1504 2481 1605 2506 Herod.
1621 2479 1648 2512 4,
1665 2481 1708 2506 87.
1743 2479 1776 2505 Et
1789 2478 1826 2504 itu
1842 2477 1984 2511 Thucydi-

366 2535 444 2564 ptura
471 2530 500 2556 ia
527 2529 670 2564 Epiphanii
694 2530 771 2561 loco,
806 2537 925 2563 quemn
909 2530 943 2554 ad
971 2528 999 2562 §.
1021 2528 1056 2555 54
1082 2538 1139 2555 e-x
1208 2530 1255 2556 des
1273 2529 1346 2562 (lv,
1367 2528 1417 2561 50)
1436 2538 1479 2555 me
1463 2532 1566 2555 emerat
1578 2528 1707 2562 epistolas
1724 2526 1888 2555 Artaxerxis
1907 2525 1985 2552 litte-

367 2579 529 2612 scripsimus.
571 2579 614 2604 De
630 2577 850 2612 inscriptionibus
875 2576 952 2603 Darii
970 2586 1006 2611 pe
990 2577 1059 2603 ersic
1060 2576 1083 2603 is
1106 2578 1139 2603 ad
1208 2577 1246 2604 ris
1265 2586 1292 2603 as
1293 2577 1381 2610 syriac
1423 2577 1520 2611 scripta
1522 2585 1545 2603 s.

367 2627 516 2660 Bosporum
542 2626 606 2654 vide
627 2617 753 2653 sti-uben.
780 2626 852 2657 XV,
880 2635 906 2660 p·
931 2625 1001 2660 502,
1032 2626 1138 2652 easdem
1258 2624 1368 2658 ”e)Ha
1352 2634 1384 2652 ec
1394 2625 1473 2652 etiam
1490 2623 1587 2659 Koppi'
1569 2632 1588 2650 ιι
1599 2624 1730 2650 sententia
1743 2628 1783 2650 est
1791 2625 1827 2657 11,
1837 2623 1984 2657 μ28οηι1.
